3248 5142
756 377 1055 438 -64-·

301 549 454 610 coniunxit
469 546 613 631 μάλιστα
629 544 802 624 δὲὛλλον,
825 545 927 632 ὅνπερ
950 548 1035 623 εἰκός
1058 549 1128 613 ὅσοι
1144 549 1266 625 δοκεῖν,
1291 551 1321 614 εἰ
1343 553 1436 634 νέμοι

300 639 367 710 τιν’
390 643 477 729 ὤραν
498 647 557 712 τοῦ
579 647 683 722 καλῶς
707 644 870 730 πράσσειν
896 649 953 722 τοῦ
975 647 1098 732 πατρός
1120 651 1139 711 i.
1163 671 1188 712 e.
1211 650 1267 732 τῆς
1288 649 1347 712 τοῦ
1370 672 1436 712 πα-

300 743 374 826 τρὸς
397 743 588 828 εὐπραξίας,
612 749 711 810 vertit:
736 753 927 831 ‘meritaeque
948 749 1080 829 Hyllum,
1103 768 1259 831 parmper
1280 759 1320 811 est
1342 760 1437 811 ostea-

301 845 375 918 tore,
404 849 430 907 si
454 865 539 926 quom
558 856 698 927 paternae
716 851 912 926 prosperitatis
934 866 1034 910 earam
1052 850 1150 929 μαλ’.
1194 849 1231 909 m
1253 846 1363 912 δοκεῖν
1386 849 1439 910 trac

300 945 327 1004 vi
355 953 527 1024 usurpatum
557 963 704 1025 nusquam
734 945 890 1025 reperitur.
936 947 972 1007 Et
1001 947 1140 1028 quoniam
1172 948 1332 1028 praemissa
1367 955 1438 1010 sunt

300 1043 370 1116 πῶς
393 1039 430 1105 οὕ
453 1045 599 1124 πέμπεις
619 1041 695 1106 τινὰ
718 1041 850 1106 παίδων
873 1045 979 1124 hisque
1001 1046 1216 1109 continuantur
1236 1043 1381 1128 μάλιστα
1403 1041 1437 1106 δ’

301 1137 401 1222 ὅνπερ
424 1139 511 1214 εἰκὸς
528 1135 662 1217 Ὕλλον,
692 1163 708 1204 ο
730 1142 843 1222 legibus
871 1144 1068 1220 grammaticis
1100 1146 1134 1206 ad
1155 1138 1260 1226 -ὅνπερ
1284 1141 1370 1218 οἶκός
1391 1145 1438 1206 in-

299 1240 498 1319 tellegendum
521 1259 554 1301 ae
577 1240 773 1320 supplendum
797 1247 841 1301 est
857 1241 1006 1322 πέμπειν
1021 1243 1100 1321 quod
1124 1243 1281 1322 praecedit,
1305 1260 1366 1303 non
1388 1261 1438 1303 se-

300 1339 417 1419 quentis
441 1358 541 1400 versus
564 1347 728 1400 extremum
752 1338 873 1399 verbum
897 1337 1017 1401 δοκεῖν.
1055 1341 1133 1403 Haec
1155 1341 1244 1403 etiam
1266 1341 1298 1402 in
1314 1341 1438 1403 Schnei-

300 1438 449 1499 dewinum
473 1446 501 1498 et
522 1437 699 1502 Meinetium
724 1437 833 1498 cadunt
854 1435 970 1519 μολεῖν
992 1439 1170 1501 conicientes
1200 1441 1362 1521 eademque
1388 1458 1436 1500 ra-

298 1536 380 1596 tione
403 1555 459 1616 qua
482 1535 600 1597 Brunck
624 1536 709 1596 verba
734 1545 955 1614 componentes.
992 1537 1070 1598 Nihil
1092 1537 1181 1617 igitur
1204 1537 1306 1598 Nauck
1328 1538 1437 1600 omisso

300 1628 412 1696 δοκεῖν
433 1654 465 1696 se
487 1634 722 1696 desideraturum
745 1634 824 1695 dixit.
870 1635 954 1708 Quod
978 1653 1046 1696 vero
1069 1635 1195 1697 coniecit
1216 1637 1436 1716 πεπραγέναι,

301 1732 391 1811 magis
415 1731 486 1793 mihi
510 1741 543 1793 ut
565 1751 682 1794 versum
705 1733 836 1812 expleret
858 1733 971 1795 videtur
993 1736 1186 1813 spectavisse,
1216 1754 1303 1814 quam
1336 1745 1368 1797 ut
1391 1753 1437 1795 re-

300 1832 438 1893 stitueret
465 1830 511 1904 id,
540 1830 619 1910 quod
647 1839 733 1910 poeta
762 1832 891 1893 scribere
922 1834 1075 1912 potuisset.
1121 1834 1198 1912 Ergo
1221 1851 1312 1912 quum
1340 1852 1437 1912 neque

298 1931 384 1994 lectio
400 1931 513 2009 vulgata
529 1930 646 1992 defendi
662 1930 866 2010 possitneque
882 1932 1068 1994 coniecturae
1084 1951 1126 2002 vv,
1144 1932 1202 2004 dd,
1226 1950 1301 2011 quae
1316 1933 1435 2011 quidem

301 2030 371 2091 mihi
387 2030 592 2100 occurrebant,
612 2029 803 2104 satisfaciant,
826 2031 882 2110 ipsi
906 2031 1067 2106 videamus,
1090 2051 1128 2093 en
1150 2031 1247 2092 locum
1264 2039 1436 2111 corruptum

300 2148 403 2190 sanare
426 2127 583 2207 possimus.
629 2131 725 2208 Atque
753 2129 844 2190 miror
871 2129 1000 2191 formula
1027 2127 1115 2211 ὤραν
1137 2130 1248 2211 νέμειν
1271 2127 1360 2202 τινός
1382 2129 1437 2189 ali-

301 2227 383 2289 euius
405 2245 505 2287 curam
528 2244 647 2304 gerere,
676 2227 803 2306 quaein
826 2235 889 2288 tota
912 2228 1070 2306 graecitate
1093 2227 1140 2288 hic
1160 2229 1256 2288 solum
1279 2227 1437 2300 invenitur,

300 2345 359 2387 non
384 2324 539 2386 offendisse
561 2325 745 2405 interpretes.
790 2326 883 2399 Quam
911 2343 973 2388 non
1001 2334 1126 2389 tuentur
1154 2326 1297 2388 formulae
1327 2327 1438 2408 νέμειν

299 2419 412 2506 τιμάς,
436 2421 548 2504 χάριν,
573 2418 690 2498 κακόν,
718 2422 845 2497 αἰτίαν,
874 2428 1005 2505 αἳρεσιν
1028 2433 1084 2486 etc.
1129 2424 1241 2497 Quibus
1269 2433 1438 2487 constanter

300 2522 414 2584 dativus
436 2522 499 2583 eius
522 2540 667 2614 personae
690 2522 821 2596 additur,
851 2523 897 2584 cui
920 2523 989 2604 quid
1019 2522 1174 2596 tribuitur,
1204 2523 1243 2584 ita
1270 2530 1305 2584 ut
1331 2524 1438 2605 νέμειν

300 2640 384 2683 suam
418 2621 544 2682 retineat
577 2620 633 2682 vim
669 2640 702 2682 ac
738 2621 981 2700 significationem
1015 2622 1162 2684 tribuendi
1197 2621 1281 2683 alicui
1316 2622 1434 2702 aliquid.

300 2721 400 2800 Neque
433 2719 516 2780 aliter
548 2728 670 2802 μοῖραν
702 2721 812 2803 νέμειν
834 2723 901 2783 τινί
923 2720 1028 2782 Trach.
1053 2741 1078 2782 v.
1103 2719 1183 2780 1240
1206 2720 1330 2782 tribuere
1351 2721 1439 2780 attat

299 2821 375 2900 qaod
406 2821 455 2899 sos
488 2829 537 2889 est,
571 2819 661 2880 dedito
690 2831 840 2900 proestare
874 2827 919 2881 est
953 2827 1140 2899 usurpatum.
1186 2818 1238 2880 Hic
1260 2827 1356 2879 antem
1378 2817 1434 2876 hoc

299 2919 419 2981 verbum
442 2919 578 2998 genetivo
602 2937 744 2998 personae
765 2919 900 2981 iunctum
935 2918 1111 2980 alienissima
1144 2918 1171 2978 vi
1205 2917 1324 2996 gerendi
1358 2915 1436 2976 acai-

299 3019 437 3098 piendnm
462 3027 515 3079 est.
559 3019 644 3093 Quod
668 3027 789 3099 propter
811 3019 874 3080 eius
896 3019 1014 3080 insitam
1039 3019 1097 3078 vim
1121 3018 1183 3078 fieri
1206 3018 1316 3097 nequit.
1363 3015 1434 3076 Nam

299 3135 390 3196 quum
414 3107 502 3197 δέραν
524 3117 610 3196 νέμω
633 3113 723 3188 τινός
746 3117 832 3191 dicis,
866 3115 979 3179 dativus
1011 3135 1153 3196 personae
1186 3116 1232 3177 cni
1265 3113 1323 3198 τήν
1350 3136 1437 3186 τινος

300 3211 385 3295 ὤραν
406 3217 515 3296 νέμεις
538 3215 721 3276 desideratur
753 3215 877 3295 iureque
911 3215 939 3277 id
974 3215 1045 3275 mihi
1079 3233 1182 3294 rogare
1216 3233 1302 3294 posse
1337 3214 1438 3274 videor

298 3315 446 3394 propriam
477 3314 557 3374 verbi
585 3313 642 3373 vim
671 3331 826 3392 premens:
858 3314 989 3374 ‘cuinam
1012 3314 1135 3374 alieuius
1161 3331 1260 3374 euram
1284 3313 1300 3372 i.
1324 3331 1347 3372 e.
1372 3331 1435 3372 eam

299 3431 410 3484 curam,
443 3430 531 3493 qnam
565 3412 639 3490 gerit
672 3411 775 3492 aliquis
802 3411 864 3472 sive
887 3430 974 3491 quam
997 3412 1074 3490 geris
1098 3412 1134 3471 de
1157 3411 1263 3491 aliquo,
1297 3406 1424 3472 tribuis?

298 3510 383 3584 Quod
406 3510 492 3588 longe
514 3509 591 3570 aliud
615 3509 684 3589 quid
702 3510 797 3570 valere
811 3528 899 3590 quam
915 3509 994 3589 quod
1015 3508 1070 3570 hoc
1091 3510 1155 3570 loco
1172 3508 1333 3588 requiritur
1348 3515 1436 3588 patet.

299 3610 412 3669 Nomen
435 3616 532 3669 autem
556 3602 624 3686 ὥρα
651 3614 767 3668 tantum
797 3607 829 3668 in
858 3606 993 3668 formulis
1024 3603 1313 3689 decantatores
1336 3627 1435 3679 τινος,

299 3707 376 3788 περί
398 3728 496 3780 τινος,
519 3700 603 3786 ὑπέρ
624 3725 711 3778 τινος
725 3706 769 3766 vel
792 3705 879 3768 etiam
904 3702 1106 3787 ἐνμηδεμιᾷ
1128 3701 1195 3782 ὥρᾳ
1217 3705 1382 3766 τίθεσθαί
1404 3725 1435 3763 τι

298 3816 326 3867 et
349 3807 380 3867 in
403 3805 594 3867 usitatissima
619 3799 705 3884 ὤραν
728 3801 815 3882 ἔχειν
837 3804 994 3866 invenitur.

382 3905 502 3968 Gonieio
537 3922 605 3982 ergo
640 3903 789 3966 librarium
823 3921 913 3984 quum
949 3904 1086 3966 facillime
1113 3903 1147 3964 ad
1181 3901 1271 3962 trium
1296 3920 1435 3964 versuum

298 4023 371 4084 qnae
399 4013 565 4084 sequuntur
592 4013 722 4065 extrema
757 4002 843 4064 verba
871 4000 1070 4074 AOMOYC,
1095 3998 1244 4074 ΔΟΚω,
1270 3999 1437 4062 ΛΟΓΟΙΟ

297 4103 434 4164 aberrare
457 4110 564 4182 posset,
598 4121 752 4182 perperam
785 4101 936 4180 scripsisse
967 4099 1078 4162 δοκεῖν
1110 4118 1163 4179 pru
1191 4119 1225 4160 eo
1248 4100 1326 4180 quod
1350 4107 1436 4179 poeta

297 4202 445 4282 scripserit
468 4198 562 4278 ἔχειν.
607 4203 732 4281 Recepta
755 4200 843 4278 igitur
866 4198 1009 4262 Wunderi
1032 4198 1211 4260 correctione
1234 4200 1338 4280 νέμει,
1362 4215 1435 4276 quae

297 4310 409 4382 quanto
436 4299 532 4380 aptior
558 4300 596 4360 sit
624 4318 710 4380 qnam
740 4299 791 4378 qui
818 4298 945 4360 traditur
973 4297 1118 4378 optativus
1146 4304 1241 4377 patet,
1276 4294 1436 4372 coniungas

298 4400 328 4462 εἰ
350 4402 439 4482 νέμει
462 4397 537 4462 τινὰ
560 4396 646 4480 ὤραν
662 4396 786 4480 πατρὸς
809 4395 894 4476 ἔχειν
911 4397 969 4458 τοῦ
983 4394 1089 4469 καλῶς
1105 4392 1266 4478 πράσσειν
1280 4405 1310 4456 et
1326 4402 1437 4456 vertas:

298 4507 366 4562 ‘cur
392 4518 450 4560 aaa
477 4498 605 4579 fitiorum
631 4499 753 4578 aliquem
781 4501 871 4560 mittis
911 4501 1091 4578 nummoque
1113 4495 1247 4576 Hyllum,
1273 4513 1355 4575 poem
1380 4509 1436 4573 por
