3248 5142
731 430 948 493 ..72-

357 629 383 668 v.
408 607 479 670 846.
525 608 685 687 Postquam
718 607 818 687 Hyllus
852 606 929 669 lilius
956 607 1045 668 matri
1073 606 1199 668 maxime
1226 605 1415 686 perturbatae

271 716 302 769 et
323 707 410 768 tacite
432 705 554 768 abeunti
577 723 661 768 saeva
683 723 750 767 cum
767 706 861 768 ironia
882 705 985 768 eadem
1001 706 1123 786 optauit,
1145 723 1222 785 quae
1244 704 1321 785 patri
1336 705 1416 766 doun

271 804 395 879 dederit,
418 804 525 866 cberus
548 823 623 884 quae
650 804 683 865 in
706 805 795 867 sortis
825 805 931 868 tabella
954 805 1064 886 scripta
1086 815 1170 866 erant
1191 823 1260 866 cum
1283 803 1417 866 Herculis

271 903 382 982 aegroti
405 902 572 965 conditione
596 911 756 984 comparat.
795 905 927 980 Quarum
951 922 1052 966 rerum
1077 903 1254 978 miserrima,
1277 903 1318 966 ita
1334 903 1416 966 enim

271 1003 404 1086 pergitur
425 1001 515 1064 altera
538 1002 669 1082 stropha,
690 1001 738 1063 illa
761 1002 850 1064 sortis
874 1003 961 1065 verba
984 1019 1045 1064 non
1068 1001 1223 1074 intellexit,
1252 1001 1326 1066 baec
1347 1020 1417 1066 vero

272 1101 356 1166 Nessi
387 1101 463 1162 dena
490 1119 523 1162 er
551 1100 645 1162 aliena
674 1109 774 1162 mente
799 1101 930 1183 prolecta
959 1120 1024 1164 esse
1045 1099 1215 1182 perniciose
1238 1099 1416 1164 commercio

273 1219 334 1263 uon
356 1198 466 1262 didicit.
510 1199 624 1273 Quibus
646 1197 777 1263 additur:

373 1304 392 1395 ἧ
415 1330 483 1374 πον
505 1304 585 1373 ttae
607 1311 722 1374 στένει.

273 1425 400 1487 Verbum
432 1424 538 1485 στένει
567 1441 746 1503 quamquam
779 1442 869 1487 sensu
897 1422 1083 1504 aptissimum
1112 1431 1212 1484 tamen
1243 1431 1417 1502 corruptum

273 1543 336 1585 esse
360 1523 447 1584 metri
468 1521 586 1583 ratione
607 1521 759 1602 probatur.
804 1523 878 1585 Nam
901 1531 932 1585 et
954 1541 1057 1585 versus
1084 1523 1318 1604 antistrepbicus

374 1629 396 1693 ά
416 1627 489 1696 τότε
511 1625 605 1697 dcciv
627 1629 760 1716 νύμφαν

274 1753 304 1808 et
326 1745 385 1808 duc
408 1745 459 1827 qui
481 1743 630 1808 subiuncti
652 1753 723 1808 sunt
745 1763 848 1808 versus

375 1851 395 1941 ἦ
417 1877 484 1921 που
507 1854 631 1921 διδινῶν
652 1855 782 1940 χλωρὰν

374 1958 480 2037 τέγγει
503 1952 654 2039 δακρύων
675 1952 790 2035 ἄχναν,

274 2067 322 2131 cui
345 2067 527 2150 respondent

377 2175 498 2259 ἄγαγες
520 2174 581 2243 ἀπ’
604 2179 761 2255 αἰπεινᾶς

376 2274 470 2343 τάνδ’
497 2277 658 2360 Οἰχαλίας
679 2279 785 2364 αλχμᾷ

276 2411 487 2473 demonstrant
509 2429 563 2491 pre
584 2411 683 2474 iambo
706 2411 813 2474 στένει
836 2411 1003 2492 spondeum
1027 2411 1146 2491 requiri.
1184 2409 1222 2472 lit
1243 2416 1305 2472 erat
1326 2427 1418 2489 quum

276 2510 420 2589 glossema
456 2509 568 2572 babens
602 2509 710 2572 στένει
742 2510 819 2572 aliud
853 2509 1036 2572 lamentandi
1070 2510 1191 2573 verbum
1219 2509 1299 2572 velut
1325 2503 1419 2592 μύζει

277 2607 500 2680 substituerem,
532 2607 568 2670 cl.
598 2608 702 2670 Aescu.
731 2609 817 2672 Eum.
848 2609 1069 2672 vv.117.18.9.
1120 2609 1178 2672 Sed
1212 2615 1246 2670 ut
1278 2603 1420 2678 στάζει

277 2706 465 2787 praeferrem,
489 2706 580 2768 mevit
602 2727 649 2768 me
671 2705 825 2769 scholiasta
842 2707 926 2770 Laur.
951 2708 1099 2788 explicans
1121 2708 1157 2768 ad
1174 2727 1200 2768 v.
1217 2705 1294 2768 848:
1319 2701 1421 2777 ὄντως

277 2797 361 2886 δύή
389 2799 499 2865 άθλία
526 2801 769 2877 καταστάζει
796 2803 853 2867 καὶ
881 2808 1075 2890 καταβρέχει
1109 2802 1243 2868 πολλῶν
1270 2797 1421 2885 δακρύων

197 2953 204 2967 .
277 2897 393 2984 ἀφρόν.
438 2901 597 2965 Coniunxit
619 2903 708 2984 igitur
731 2903 866 2978 verbum,
900 2903 980 2984 qued
1013 2922 1068 2985 per
1100 2899 1297 2974 καταστάζει
1328 2901 1420 2982 expli-

277 3002 361 3075 cavit,
384 3019 451 3062 cum
474 2999 509 3062 iis
532 3019 609 3082 quae
631 3011 808 3084 sequuntur.
846 3003 933 3077 Quod
955 3004 1053 3065 solum
1077 3021 1144 3065 esse
1159 3010 1259 3083 potest
1278 2995 1420 3073 στάζειν.

278 3099 370 3161 Notus
393 3098 471 3160 enim
495 3105 540 3161 est
561 3117 634 3162 usus
656 3101 812 3163 verborum
836 3101 1014 3181 simplicium
1036 3101 1114 3183 apud
1136 3109 1239 3181 poetas
1261 3117 1315 3180 pro
1338 3117 1421 3161 ccm-

277 3198 381 3280 poaitia
404 3215 512 3278 prusae
534 3199 687 3262 orationis.
732 3191 867 3270 στάζειν
881 3207 982 3261 autem
1006 3199 1159 3263 transitive
1174 3200 1284 3262 dictam
1299 3217 1420 3262 sarcen-

278 3296 316 3358 tia
339 3295 409 3358 lucis
432 3295 593 3370 invenitur,
616 3305 649 3359 ut
672 3297 804 3378 exempla
826 3297 934 3360 allerre
955 3315 1205 3378 supervacaneum
1229 3298 1277 3359 ait.

363 3413 406 3456 vv.
432 3391 493 3455 854
511 3412 576 3474 sqq.
626 3393 764 3456 Eiusdem
799 3396 938 3458 carminis
971 3395 1156 3475 antistropha
1190 3395 1280 3457 altera
1312 3395 1421 3457 chorus

279 3495 316 3556 ob
341 3492 572 3555 misericordiam
596 3493 684 3555 sortis
707 3491 866 3558 Heracleae
887 3497 1022 3558 lacrimas
1043 3503 1148 3558 tenere
1170 3513 1231 3557 nnn
1256 3503 1364 3576 potest,

380 3615 521 3700 ἔρρωγεν
543 3613 637 3694 παγά
658 3609 810 3702 δακρύων

379 3720 511 3797 κέχυται
533 3711 640 3792 νόσος,
663 3709 829 3792 cinciana
853 3715 924 3782 οἷον

379 3811 547 3898 ἀναρσέων
569 3809 662 3877 οὔπω
679 3809 875 3895 ἀγακλειτὸν
894 3813 1092 3900 Ἡρακλέους

379 3909 540 3995 έπέμολεν
562 3909 677 3988 πάθος
700 3914 855 3977 οἰκτίσαι.

280 4043 359 4106 llaec
381 4061 477 4124 neque
500 4044 683 4125 respondent
705 4045 837 4108 versibus
859 4047 1018 4128 atropbicis
1041 4048 1103 4110 842
1118 4067 1184 4129 sqq.

380 4146 425 4218 ύν
447 4148 502 4220 ἅδ’
526 4151 702 4236 dulcinum
724 4152 844 4221 ἄοκνον

379 4250 525 4335 μεγάλαν
547 4254 747 4336 προσορῶσα
769 4250 887 4338 δόμοις
909 4252 1039 4339 βλάβαν

380 4353 463 4415 νέων
484 4345 667 4416 δωσόντων
687 4349 804 4434 γάμων
825 4353 868 4418 τδι
888 4353 949 4437 μὲν
970 4352 1009 4418 οὔ
1030 4377 1064 4418 τι

382 4447 599 4530 προσέβαλεν,
621 4450 663 4514 τὰ
684 4447 717 4514 δ’
740 4446 800 4515 ἀπ’
823 4449 995 4536 α’λλύθροο
1016 4487 1059 4498 -

281 4579 378 4641 nequa
401 4561 591 4641 grammatice
612 4572 693 4626 recta
715 4574 798 4628 sunt.
