3248 5142
655 418 878 482 ..45-

196 592 231 654 ln
264 593 311 654 his
345 593 416 673 quid
448 593 504 656 sibi
531 593 599 656 velit
627 593 751 656 verbnm
779 590 963 671 δυστυχεῖν,
992 611 1089 673 neque
1114 593 1152 654 ab
1178 591 1243 655 aliis
1265 609 1334 671 per-

196 699 331 772 spectum
353 711 418 753 esse
439 699 511 771 puto
534 710 631 774 neque
654 710 707 771 ego
729 691 884 773 perspieio.
930 691 1123 754 Scholiastam
1146 690 1228 752 enim
1242 689 1337 752 secuti

198 789 392 870 explicantem
414 784 489 854 ἀντὶ
509 790 581 867 τοῦ,
605 789 641 853 ἐν
661 790 708 875 τῷ
730 791 922 853 πείθεσθαί
946 805 983 853 σε
1004 785 1131 872 μᾶλλον
1153 786 1195 852 σύ
1218 785 1339 852 δυστυ-

197 897 266 967 χεῖς
297 883 382 972 ἢπερ
415 885 494 966 ἔχω’,
531 890 668 954 Creontis
702 889 790 952 verba
820 889 949 952 maximo
976 888 1013 951 ad
1041 888 1147 969 Oedipi
1174 895 1339 950 extremam

199 987 364 1050 orationem
388 1007 413 1050 r.
430 987 491 1050 799

599 1103 638 1172 ori
659 1108 731 1189 γὰρ
744 1104 786 1173 ἂν
807 1106 913 1182 κακῶς

298 1195 372 1269 oaid'
397 1199 456 1271 ὧδ’
479 1205 607 1287 ἔχοντες
629 1204 743 1292 ζῷμεν,
765 1207 796 1271 ei
817 1207 1040 1290 rapnolpeiia,

197 1341 304 1404 reterri
325 1341 505 1416 existimant,
526 1363 544 1406 a
565 1343 693 1406 Creonte
714 1343 788 1406 diei:
811 1343 888 1405 ‘noli
909 1341 1029 1404 eredere
1052 1340 1258 1404 memborum
1273 1355 1340 1400 esse

198 1448 250 1502 tua
271 1442 350 1522 apud
372 1441 568 1505 Athenienses
591 1442 763 1516 mansione,
785 1441 839 1504 sed
860 1442 903 1504 sio
924 1447 1022 1504 statue
1043 1451 1073 1502 te
1094 1441 1182 1517 longe
1203 1438 1340 1500 miserio-

198 1557 263 1602 rem
301 1559 384 1613 esse,
429 1543 508 1622 quod
550 1541 722 1623 persuaderi
758 1540 814 1603 tibi
851 1558 943 1620 negas
986 1548 1020 1602 ut
1055 1539 1171 1602 Thebas
1212 1536 1340 1602 redeas’.

199 1637 236 1700 cf.
261 1638 394 1702 Wunder
421 1639 457 1702 ad
484 1640 565 1703 hune
586 1659 716 1712 versum,
748 1641 800 1721 qui
827 1647 874 1702 est
901 1639 979 1720 apud
1001 1657 1070 1702 eum
1092 1657 1121 1700 v.
1137 1637 1208 1700 797.
1253 1636 1338 1711 Ouod

199 1736 305 1800 laisum
338 1747 394 1800 est.
438 1737 514 1802 Nam
542 1737 647 1820 Oedipi
676 1738 836 1802 verborum
861 1755 977 1800 summa
1000 1737 1073 1802 haeo
1093 1743 1152 1800 est:
1175 1735 1222 1798 Tu
1244 1735 1340 1798 Creon

199 1835 301 1898 multis
324 1837 397 1900 mihi
418 1837 503 1900 malis
524 1837 634 1917 paratis
656 1854 738 1900 nuno
759 1837 846 1900 bonis
872 1845 902 1900 et
923 1835 1063 1918 speciosis
1085 1835 1181 1898 verbis
1196 1834 1340 1896 Coloneos
1470 1852 1472 1857 ·

198 1934 376 2014 decepturus
398 1936 457 1998 bue
479 1935 595 1998 venuti.
639 1936 743 2017 Neque
763 1935 835 2000 boni
859 1935 1016 2016 quiequam
1045 1953 1127 1998 nuno
1148 1932 1222 1996 mihi
1244 1933 1341 1994 affers.

201 2032 277 2096 Nam
311 2039 344 2094 ut
376 2033 456 2096 hisee
489 2053 608 2114 quoque
631 2034 767 2100 Coloneis
797 2042 827 2096 te
850 2035 960 2098 malum
982 2053 1049 2098 esse
1077 2033 1242 2120 ostendam,
1270 2032 1341 2094 ades

201 2146 262 2192 non
284 2138 318 2193 ut
339 2132 464 2194 domum
486 2150 535 2194 me
557 2132 694 2204 abducas,
728 2134 781 2196 sed
811 2141 843 2196 ut
870 2133 1031 2195 finitimum
1053 2151 1101 2196 me
1127 2139 1247 2204 statuas,
1280 2147 1340 2210 quo

200 2229 295 2309 patria
317 2229 401 2290 malis
423 2227 548 2292 liberata
569 2228 617 2291 sit.
661 2230 695 2292 ld
717 2232 798 2310 quod
820 2230 876 2294 tibi
898 2249 959 2296 non
974 2232 1137 2312 continget,
1159 2231 1212 2294 sed
1235 2230 1293 2292 hoo
1308 2238 1341 2292 ut

199 2328 275 2390 luria
310 2347 373 2390 mea
405 2328 447 2390 ibi
480 2336 623 2391 versetur.
667 2329 747 2392 Filiis
780 2337 881 2392 autem
914 2338 1031 2393 tantum
1064 2337 1161 2392 terrae
1194 2329 1341 2403 obveniet,

85 2457 94 2480 ο
200 2435 345 2508 quantum
368 2426 439 2490 satis
462 2426 501 2488 sit
522 2427 657 2489 mortuis.
701 2427 793 2490 Multo
816 2429 906 2508 igitur
937 2429 1044 2492 melius
1072 2447 1161 2510 qnam
1189 2437 1222 2490 tu
1244 2427 1341 2489 Creon

200 2545 254 2606 ego
276 2525 432 2588 Thebanae
454 2543 504 2588 res
525 2526 674 2608 intellego,
697 2526 806 2608 quippe
828 2528 879 2608 qui
900 2547 916 2590 a
937 2523 1066 2590 Phoebo
1083 2535 1171 2609 atque
1192 2527 1261 2588 love
1275 2526 1341 2609 ipso

200 2644 234 2687 ea
256 2623 426 2687 audiverim.
470 2626 508 2686 At
529 2634 563 2687 tu
585 2625 633 2686 hie
654 2626 723 2688 ades
753 2626 821 2688 hoto
852 2645 904 2688 ore
936 2634 1024 2708 atque
1045 2626 1137 2699 duro,
1171 2645 1230 2706 qno
1256 2626 1341 2706 plura

119 2779 122 2789 .
200 2723 255 2785 tibi
278 2724 463 2804 malequam
488 2723 565 2785 bona
587 2724 713 2804 parabis.
758 2723 858 2798 Ouum
891 2733 991 2788 autem
1025 2725 1086 2787 seio
1114 2744 1162 2786 me
1191 2725 1245 2787 tibi
1271 2723 1342 2786 haee

199 2839 261 2883 non
281 2841 504 2903 persuasurum,
528 2823 616 2886 abeas
639 2833 669 2888 et
690 2843 746 2886 nos
769 2825 817 2886 hie
831 2825 929 2886 vivere
951 2826 1038 2888 sinas.
1077 2825 1144 2886 Non
1160 2824 1239 2886 enim
1256 2824 1340 2898 male,

200 2937 238 2982 ne
261 2921 304 2983 sio
331 2921 462 3002 quidem,
489 2921 631 2997 vivamus,
658 2923 683 2984 si
712 2923 752 2985 ita
774 2924 873 2985 vivere
895 2941 951 2986 nos
973 2922 1075 2984 iuuet'.
1121 2923 1185 2996 Qua
1208 2923 1341 2984 oratione

200 3018 299 3092 audita
321 3019 418 3082 Creon
440 3018 553 3100 Oedipo
575 3021 756 3100 respondere
779 3040 839 3083 non
853 3029 953 3102 potest
975 3021 1059 3084 illum
1074 3022 1261 3083 miseriorem
1276 3041 1342 3084 esse

201 3118 233 3180 in
255 3117 316 3180 suis
338 3117 428 3180 rebus
450 3136 540 3198 quam
563 3137 596 3180 se
617 3119 716 3199 ipsum
737 3133 789 3182 aut
810 3121 835 3182 si
857 3120 961 3182 tralata
983 3120 1012 3181 vi
1033 3117 1207 3198 δυστυχεῖν
1228 3120 1341 3183 δίεισιν

200 3226 329 3289 statuas,
360 3217 443 3279 illum
478 3217 568 3296 magis
600 3237 721 3281 eaeeum
751 3237 817 3281 esse
848 3219 881 3282 in
909 3218 971 3281 suis
998 3218 1089 3281 rebus
1112 3237 1200 3300 qnam
1227 3219 1342 3300 ipsum;

200 3318 292 3380 immo
325 3336 397 3379 vero
428 3316 545 3380 ratione
569 3335 700 3394 snorum
731 3318 826 3399 ipsius
859 3317 1029 3390 verborum,
1062 3337 1108 3379 vr.
1130 3317 1191 3380 753
1203 3336 1249 3399 sq.
1281 3305 1340 3402 ἆρ’

200 3406 328 3480 datter
358 3411 526 3490 retinendos
559 3411 705 3481 oivsldro'
739 3417 787 3491 sig
815 3417 853 3480 σὲ
880 3411 963 3500 κάμὲ
991 3416 1048 3479 καὶ
1074 3416 1113 3482 τὸ
1140 3417 1210 3482 πᾶν
1236 3419 1338 3496 γένος,

202 3524 232 3574 et
252 3514 358 3596 Oedipi
384 3511 576 3599 ὕποβλρτδν
602 3513 745 3600 στόμα,
779 3514 907 3600 πολλὴν
939 3513 1015 3596 ὄχον
1041 3513 1209 3600 στόμωσιν
1242 3518 1340 3582 habita

202 3611 311 3677 dixisse
332 3616 482 3694 putandus
506 3626 567 3678 est:
598 3624 683 3678 ‘aueo
711 3627 743 3678 ιιι
772 3617 926 3682 orbitron's
953 3635 996 3678 νιε
1021 3618 1076 3679 tihi
1100 3618 1280 3680 medusae
1301 3636 1342 3679 στι

200 3716 292 3784 aonio
313 3723 339 3775 te
360 3714 413 3775 obt
437 3717 530 3795 ipsum
558 3715 664 3776 tuboe
685 3724 737 3776 ιυσ
758 3713 925 3778 oratioaeP'
967 3716 1087 3778 Ceniom
1108 3716 1198 3794 igitru
1219 3724 1339 3796 poetam

201 3812 346 3893 seriptum
368 3812 497 3875 voluisse
518 3809 755 3894 δυστομεῖν,
789 3814 869 3894 quod
903 3822 1015 3896 quanto
1046 3814 1142 3894 aptius
1171 3815 1211 3878 sit
1232 3817 1340 3878 tradito

200 3909 387 3990 δυστυχεῖν,
411 3910 520 3974 docent
541 3928 617 3990 quae
639 3907 772 3991 Oedipus
795 3912 903 3976 horum
925 3913 1062 3976 Creontis
1085 3931 1225 3978 vmsuum
1255 3916 1341 3997 quasi

201 4009 354 4090 parodiam
374 4008 487 4072 latiens
509 4009 641 4089 loquitur
662 4028 706 4071 vr.
723 4008 784 4071 960
796 4029 841 4091 sq.

302 4124 328 4192 oi
350 4125 427 4214 λῆμ’
450 4124 598 4205 ἀναιδές,
620 4129 679 4194 τοῦ
700 4127 970 4214 καθυβρίζειν
991 4129 1100 4206 δοκεῖς

301 4226 442 4312 πότερον
463 4227 544 4313 siponi
564 4231 716 4312 γέροντος
737 4225 757 4312 ἢ
779 4229 903 4294 σαυτοῦ
922 4222 1018 4309 τόδε,

201 4350 276 4412 Nam
299 4349 401 4432 Oedipi
423 4347 641 4435 καθυβρίζειν
661 4352 724 4414 iere
745 4351 825 4414 idem
848 4353 987 4434 estquod
1002 4351 1181 4436 δυστυμεῖν
1196 4353 1339 4416 Creontis.

202 4448 268 4523 Ouo
289 4448 381 4512 verbo
402 4459 488 4531 poeta
510 4467 583 4513 neus
605 4459 652 4513 est
672 4451 735 4514 hui.
756 4449 814 4514 lab.
836 4471 864 4512 v.
881 4449 952 4526 896,
975 4452 1026 4514 ubi
1048 4451 1196 4533 Oedipum
1218 4452 1340 4515 Creonti

201 4548 430 4632 exprobrantem
452 4547 529 4622 lacit,
