<?xml version="1.0" encoding="UTF-8"?>
<!DOCTYPE html PUBLIC "-//W3C//DTD XHTML 1.0 Transitional//EN"
    "http://www.w3.org/TR/xhtml1/DTD/xhtml1-transitional.dtd">
<html xmlns="http://www.w3.org/1999/xhtml" xml:lang="en" lang="en">
 <head>
  <title>
</title>
<meta http-equiv="Content-Type" content="text/html;charset=utf-8" />
  <meta name='ocr-system' content='tesseract 3.04.00' />
  <meta name='ocr-capabilities' content='ocr_page ocr_carea ocr_par ocr_line ocrx_word'/>
</head>
<body>
  <div class='ocr_page' id='page_1' title='image "./emendationeseti00muelgoog_0022.png"; bbox 0 0 3248 5142; ppageno 0'>
   <div class='ocr_carea' id='block_1_1' title="bbox 662 402 882 488">
    <p class='ocr_par' dir='ltr' id='par_1_1' title="bbox 662 402 882 488">
     <span class='ocr_line' id='line_1_1' title="bbox 662 402 882 488; baseline -0.009 -40"><span class='ocrx_word' id='word_1_1' title='bbox 662 402 882 488; x_wconf 77' lang='lat' dir='ltr'><strong>-e-</strong></span> 
     </span>
    </p>
   </div>
   <div class='ocr_carea' id='block_1_2' title="bbox 205 571 1348 1136">
    <p class='ocr_par' dir='ltr' id='par_1_2' title="bbox 205 571 1348 1058">
     <span class='ocr_line' id='line_1_2' title="bbox 205 571 1346 668; baseline -0.007 -25"><span class='ocrx_word' id='word_1_2' title='bbox 205 577 322 664; x_wconf 72' lang='grc' dir='ltr'><strong><em>ἀραιᾶς</em></strong></span> <span class='ocrx_word' id='word_1_3' title='bbox 350 577 458 663; x_wconf 81' lang='grc' dir='ltr'><strong><em>ἄφιλα</em></strong></span> <span class='ocrx_word' id='word_1_4' title='bbox 485 573 566 661; x_wconf 77' lang='grc' dir='ltr'><strong><em>παρ’</em></strong></span> <span class='ocrx_word' id='word_1_5' title='bbox 594 574 732 660; x_wconf 76' lang='grc' dir='ltr'><strong><em>ἀφίλοις</em></strong></span> <span class='ocrx_word' id='word_1_6' title='bbox 758 573 865 653; x_wconf 57' lang='lat' dir='ltr'><strong>iered,</strong></span> <span class='ocrx_word' id='word_1_7' title='bbox 889 573 990 639; x_wconf 74' lang='grc' dir='ltr'><strong><em>ἔπεσε</em></strong></span> <span class='ocrx_word' id='word_1_8' title='bbox 1012 573 1144 668; x_wconf 75' lang='grc' dir='ltr'><strong><em>μελέοις</em></strong></span> <span class='ocrx_word' id='word_1_9' title='bbox 1162 571 1346 655; x_wconf 74' lang='grc' dir='ltr'><strong><em>Ἀτρείδαις</em></strong></span> 
     </span>
     <span class='ocr_line' id='line_1_3' title="bbox 206 672 1345 760; baseline -0.007 -18"><span class='ocrx_word' id='word_1_10' title='bbox 206 678 422 760; x_wconf 88' lang='lat' dir='ltr'><strong>comparaveris</strong></span> <span class='ocrx_word' id='word_1_11' title='bbox 453 685 482 738; x_wconf 91' lang='lat' dir='ltr'><strong>et</strong></span> <span class='ocrx_word' id='word_1_12' title='bbox 505 677 563 738; x_wconf 91' lang='lat' dir='ltr'><strong>vim</strong></span> <span class='ocrx_word' id='word_1_13' title='bbox 591 685 678 757; x_wconf 88' lang='lat' dir='ltr'><strong>atque</strong></span> <span class='ocrx_word' id='word_1_14' title='bbox 700 695 789 738; x_wconf 91' lang='lat' dir='ltr'><strong>usum</strong></span> <span class='ocrx_word' id='word_1_15' title='bbox 812 676 942 738; x_wconf 90' lang='lat' dir='ltr'><strong>nominis</strong></span> <span class='ocrx_word' id='word_1_16' title='bbox 965 672 1044 756; x_wconf 76' lang='grc' dir='ltr'><strong><em>ἔργα</em></strong></span> <span class='ocrx_word' id='word_1_17' title='bbox 1066 674 1134 736; x_wconf 90' lang='lat' dir='ltr'><strong>iude</strong></span> <span class='ocrx_word' id='word_1_18' title='bbox 1155 674 1192 735; x_wconf 86' lang='lat' dir='ltr'><strong>ab</strong></span> <span class='ocrx_word' id='word_1_19' title='bbox 1214 674 1345 736; x_wconf 79' lang='lat' dir='ltr'><strong>Homero</strong></span> 
     </span>
     <span class='ocr_line' id='line_1_4' title="bbox 205 772 1346 860; baseline -0.009 -18"><span class='ocrx_word' id='word_1_20' title='bbox 205 778 285 860; x_wconf 89' lang='lat' dir='ltr'><strong>apud</strong></span> <span class='ocrx_word' id='word_1_21' title='bbox 315 787 418 840; x_wconf 82' lang='lat' dir='ltr'><strong>carues</strong></span> <span class='ocrx_word' id='word_1_22' title='bbox 453 776 611 857; x_wconf 77' lang='lat' dir='ltr'><strong>scriptores</strong></span> <span class='ocrx_word' id='word_1_23' title='bbox 634 776 775 848; x_wconf 85' lang='lat' dir='ltr'><strong>Graecus,</strong></span> <span class='ocrx_word' id='word_1_24' title='bbox 804 775 875 836; x_wconf 91' lang='lat' dir='ltr'><strong>mibi</strong></span> <span class='ocrx_word' id='word_1_25' title='bbox 901 774 1046 836; x_wconf 77' lang='lat' dir='ltr'><strong>concedes</strong></span> <span class='ocrx_word' id='word_1_26' title='bbox 1074 773 1133 834; x_wconf 90' lang='lat' dir='ltr'><strong>veri</strong></span> <span class='ocrx_word' id='word_1_27' title='bbox 1161 772 1346 835; x_wconf 88' lang='lat' dir='ltr'><strong>simillimum</strong></span> 
     </span>
     <span class='ocr_line' id='line_1_5' title="bbox 207 873 1348 958; baseline -0.006 -18"><span class='ocrx_word' id='word_1_28' title='bbox 207 877 303 958; x_wconf 88' lang='lat' dir='ltr'><strong>quoad</strong></span> <span class='ocrx_word' id='word_1_29' title='bbox 326 876 389 938; x_wconf 88' lang='lat' dir='ltr'><strong>eius</strong></span> <span class='ocrx_word' id='word_1_30' title='bbox 411 876 475 938; x_wconf 88' lang='lat' dir='ltr'><strong>lieri</strong></span> <span class='ocrx_word' id='word_1_31' title='bbox 496 875 591 956; x_wconf 88' lang='lat' dir='ltr'><strong>possit</strong></span> <span class='ocrx_word' id='word_1_32' title='bbox 605 875 846 956; x_wconf 88' lang='lat' dir='ltr'><strong>supplementum</strong></span> <span class='ocrx_word' id='word_1_33' title='bbox 869 873 956 936; x_wconf 89' lang='lat' dir='ltr'><strong>huius</strong></span> <span class='ocrx_word' id='word_1_34' title='bbox 979 874 1034 935; x_wconf 88' lang='lat' dir='ltr'><strong>loci</strong></span> <span class='ocrx_word' id='word_1_35' title='bbox 1056 890 1151 954; x_wconf 87' lang='lat' dir='ltr'><strong>paene</strong></span> <span class='ocrx_word' id='word_1_36' title='bbox 1174 882 1208 934; x_wconf 90' lang='lat' dir='ltr'><strong>ut</strong></span> <span class='ocrx_word' id='word_1_37' title='bbox 1222 873 1348 952; x_wconf 76' lang='lat' dir='ltr'><strong>Seyffert</strong></span> 
     </span>
     <span class='ocr_line' id='line_1_6' title="bbox 207 971 724 1058; baseline -0.004 -20"><span class='ocrx_word' id='word_1_38' title='bbox 207 977 247 1038; x_wconf 88' lang='lat' dir='ltr'><strong>ait</strong></span> <span class='ocrx_word' id='word_1_39' title='bbox 268 975 414 1056; x_wconf 89' lang='lat' dir='ltr'><strong>desperati</strong></span> <span class='ocrx_word' id='word_1_40' title='bbox 438 994 503 1036; x_wconf 87' lang='lat' dir='ltr'><strong>esse</strong></span> <span class='ocrx_word' id='word_1_41' title='bbox 526 971 619 1058; x_wconf 75' lang='grc' dir='ltr'><strong><em>ἔργα</em></strong></span> <span class='ocrx_word' id='word_1_42' title='bbox 640 992 724 1057; x_wconf 84' lang='grc' dir='ltr'><strong><em>μον.</em></strong></span> 
     </span>
    </p>

    <p class='ocr_par' dir='ltr' id='par_1_3' title="bbox 290 1071 1019 1136">
     <span class='ocr_line' id='line_1_7' title="bbox 290 1071 1019 1136; baseline -0.003 0"><span class='ocrx_word' id='word_1_43' title='bbox 290 1075 336 1136; x_wconf 86' lang='lat' dir='ltr'><strong>En</strong></span> <span class='ocrx_word' id='word_1_44' title='bbox 357 1073 448 1136; x_wconf 89' lang='lat' dir='ltr'><strong>babes</strong></span> <span class='ocrx_word' id='word_1_45' title='bbox 470 1081 532 1135; x_wconf 90' lang='lat' dir='ltr'><strong>tres</strong></span> <span class='ocrx_word' id='word_1_46' title='bbox 553 1092 657 1135; x_wconf 88' lang='lat' dir='ltr'><strong>versus</strong></span> <span class='ocrx_word' id='word_1_47' title='bbox 680 1073 844 1135; x_wconf 85' lang='lat' dir='ltr'><strong>trochaicus</strong></span> <span class='ocrx_word' id='word_1_48' title='bbox 867 1071 1019 1136; x_wconf 84' lang='lat' dir='ltr'><strong>absolutos</strong></span> 
     </span>
    </p>
   </div>
   <div class='ocr_carea' id='block_1_3' title="bbox 305 1196 661 1480">
    <p class='ocr_par' dir='ltr' id='par_1_4' title="bbox 305 1196 661 1480">
     <span class='ocr_line' id='line_1_8' title="bbox 307 1196 627 1281; baseline -0.006 -20"><span class='ocrx_word' id='word_1_49' title='bbox 307 1199 339 1262; x_wconf 76' lang='lat' dir='ltr'><strong>sl</strong></span> <span class='ocrx_word' id='word_1_50' title='bbox 359 1198 401 1262; x_wconf 81' lang='grc' dir='ltr'><strong>τὰ</strong></span> <span class='ocrx_word' id='word_1_51' title='bbox 422 1196 483 1280; x_wconf 82' lang='grc' dir='ltr'><strong>μὲν</strong></span> <span class='ocrx_word' id='word_1_52' title='bbox 505 1199 627 1281; x_wconf 75' lang='grc' dir='ltr'><strong><em>φθίνει</em></strong></span> 
     </span>
     <span class='ocr_line' id='line_1_9' title="bbox 307 1295 648 1381; baseline -0.009 -20"><span class='ocrx_word' id='word_1_53' title='bbox 307 1295 400 1381; x_wconf 78' lang='grc' dir='ltr'><strong><em>ἔργα</em></strong></span> <span class='ocrx_word' id='word_1_54' title='bbox 422 1317 516 1380; x_wconf 76' lang='grc' dir='ltr'><strong><em>μου,</em></strong></span> <span class='ocrx_word' id='word_1_55' title='bbox 540 1295 648 1380; x_wconf 79' lang='grc' dir='ltr'><strong><em>φίλοι,</em></strong></span> 
     </span>
     <span class='ocr_line' id='line_1_10' title="bbox 305 1390 661 1480; baseline 0 -22"><span class='ocrx_word' id='word_1_56' title='bbox 305 1391 414 1460; x_wconf 76' lang='grc' dir='ltr'><strong><em>τοῖσδ</em></strong></span> <span class='ocrx_word' id='word_1_57' title='bbox 438 1393 523 1480; x_wconf 79' lang='grc' dir='ltr'><strong><em>ὁμοῦ</em></strong></span> <span class='ocrx_word' id='word_1_58' title='bbox 545 1390 661 1472; x_wconf 78' lang='grc' dir='ltr'><strong><em>πέλας,</em></strong></span> 
     </span>
    </p>
   </div>
   <div class='ocr_carea' id='block_1_4' title="bbox 199 1519 1349 2497">
    <p class='ocr_par' dir='ltr' id='par_1_5' title="bbox 199 1519 1349 2082">
     <span class='ocr_line' id='line_1_11' title="bbox 206 1519 1347 1606; baseline -0.004 -21"><span class='ocrx_word' id='word_1_59' title='bbox 206 1527 248 1586; x_wconf 77' lang='lat' dir='ltr'><strong>‘st&#39;</strong></span> <span class='ocrx_word' id='word_1_60' title='bbox 268 1525 379 1606; x_wconf 81' lang='lat' dir='ltr'><strong>quidem</strong></span> <span class='ocrx_word' id='word_1_61' title='bbox 404 1542 451 1585; x_wconf 87' lang='lat' dir='ltr'><strong>res</strong></span> <span class='ocrx_word' id='word_1_62' title='bbox 472 1543 491 1584; x_wconf 87' lang='lat' dir='ltr'><strong>o</strong></span> <span class='ocrx_word' id='word_1_63' title='bbox 511 1538 557 1585; x_wconf 84' lang='lat' dir='ltr'><strong>me</strong></span> <span class='ocrx_word' id='word_1_64' title='bbox 576 1533 679 1604; x_wconf 79' lang='lat' dir='ltr'><strong>gestae,</strong></span> <span class='ocrx_word' id='word_1_65' title='bbox 705 1524 799 1592; x_wconf 81' lang='lat' dir='ltr'><strong>amici,</strong></span> <span class='ocrx_word' id='word_1_66' title='bbox 821 1521 910 1583; x_wconf 78' lang='grc' dir='ltr'><strong><em>οἰαιιιί</em></strong></span> <span class='ocrx_word' id='word_1_67' title='bbox 928 1539 993 1582; x_wconf 85' lang='lat' dir='ltr'><strong>cum</strong></span> <span class='ocrx_word' id='word_1_68' title='bbox 1014 1521 1057 1582; x_wconf 77' lang='lat' dir='ltr'><strong>bis</strong></span> <span class='ocrx_word' id='word_1_69' title='bbox 1075 1537 1164 1602; x_wconf 87' lang='lat' dir='ltr'><strong>prope</strong></span> <span class='ocrx_word' id='word_1_70' title='bbox 1178 1519 1347 1582; x_wconf 74' lang='lat' dir='ltr'><strong>inimeurd&#39;.</strong></span> 
     </span>
     <span class='ocr_line' id='line_1_12' title="bbox 199 1619 1347 1706; baseline -0.005 -21"><span class='ocrx_word' id='word_1_71' title='bbox 199 1619 301 1706; x_wconf 72' lang='grc' dir='ltr'><strong><em>Ἔργα</em></strong></span> <span class='ocrx_word' id='word_1_72' title='bbox 323 1642 386 1705; x_wconf 85' lang='grc' dir='ltr'><strong>μου</strong></span> <span class='ocrx_word' id='word_1_73' title='bbox 410 1621 489 1684; x_wconf 89' lang='lat' dir='ltr'><strong>enim</strong></span> <span class='ocrx_word' id='word_1_74' title='bbox 512 1630 583 1684; x_wconf 88' lang='lat' dir='ltr'><strong>sunt</strong></span> <span class='ocrx_word' id='word_1_75' title='bbox 605 1641 653 1685; x_wconf 90' lang='lat' dir='ltr'><strong>res</strong></span> <span class='ocrx_word' id='word_1_76' title='bbox 676 1641 749 1704; x_wconf 90' lang='lat' dir='ltr'><strong>quas</strong></span> <span class='ocrx_word' id='word_1_77' title='bbox 772 1630 840 1682; x_wconf 89' lang='lat' dir='ltr'><strong>ante</strong></span> <span class='ocrx_word' id='word_1_78' title='bbox 856 1621 927 1682; x_wconf 82' lang='lat' dir='ltr'>Aiax</span> <span class='ocrx_word' id='word_1_79' title='bbox 950 1621 1056 1682; x_wconf 91' lang='lat' dir='ltr'><strong>multas</strong></span> <span class='ocrx_word' id='word_1_80' title='bbox 1080 1621 1227 1700; x_wconf 90' lang='lat' dir='ltr'><strong>praeclare</strong></span> <span class='ocrx_word' id='word_1_81' title='bbox 1248 1637 1347 1698; x_wconf 88' lang='lat' dir='ltr'><strong>gesse-</strong></span> 
     </span>
     <span class='ocr_line' id='line_1_13' title="bbox 207 1717 1346 1800; baseline -0.005 -16"><span class='ocrx_word' id='word_1_82' title='bbox 207 1731 261 1796; x_wconf 91' lang='lat' dir='ltr'><strong>rat,</strong></span> <span class='ocrx_word' id='word_1_83' title='bbox 283 1721 380 1784; x_wconf 89' lang='lat' dir='ltr'><strong>verbis</strong></span> <span class='ocrx_word' id='word_1_84' title='bbox 402 1717 518 1783; x_wconf 82' lang='grc' dir='ltr'><strong><em>τοῖσδε</em></strong></span> <span class='ocrx_word' id='word_1_85' title='bbox 540 1717 645 1796; x_wconf 79' lang='grc' dir='ltr'><strong><em>πέλας</em></strong></span> <span class='ocrx_word' id='word_1_86' title='bbox 672 1739 826 1782; x_wconf 90' lang='lat' dir='ltr'><strong>caesorum</strong></span> <span class='ocrx_word' id='word_1_87' title='bbox 855 1737 977 1800; x_wconf 90' lang='lat' dir='ltr'><strong>corpora</strong></span> <span class='ocrx_word' id='word_1_88' title='bbox 1005 1720 1153 1799; x_wconf 85' lang='lat' dir='ltr'><strong>pecudum</strong></span> <span class='ocrx_word' id='word_1_89' title='bbox 1175 1718 1255 1780; x_wconf 88' lang='lat' dir='ltr'><strong>iuxta</strong></span> <span class='ocrx_word' id='word_1_90' title='bbox 1278 1736 1346 1779; x_wconf 91' lang='lat' dir='ltr'><strong>eurn</strong></span> 
     </span>
     <span class='ocr_line' id='line_1_14' title="bbox 206 1814 1349 1903; baseline -0.004 -20"><span class='ocrx_word' id='word_1_91' title='bbox 206 1821 301 1902; x_wconf 91' lang='lat' dir='ltr'><strong>posita</strong></span> <span class='ocrx_word' id='word_1_92' title='bbox 324 1822 576 1894; x_wconf 76' lang='lat' dir='ltr'><strong>demonstrantur,</strong></span> <span class='ocrx_word' id='word_1_93' title='bbox 600 1814 683 1903; x_wconf 83' lang='grc' dir='ltr'><strong><em>ὁμοῦ</em></strong></span> <span class='ocrx_word' id='word_1_94' title='bbox 705 1827 749 1882; x_wconf 88' lang='lat' dir='ltr'><strong>est</strong></span> <span class='ocrx_word' id='word_1_95' title='bbox 769 1819 941 1882; x_wconf 83' lang='lat' dir='ltr'><strong>adverbium</strong></span> <span class='ocrx_word' id='word_1_96' title='bbox 963 1818 1116 1900; x_wconf 86' lang='lat' dir='ltr'><strong>temporis,</strong></span> <span class='ocrx_word' id='word_1_97' title='bbox 1139 1818 1217 1879; x_wconf 90' lang='lat' dir='ltr'><strong>unde</strong></span> <span class='ocrx_word' id='word_1_98' title='bbox 1237 1818 1349 1900; x_wconf 84' lang='lat' dir='ltr'><strong>pendet</strong></span> 
     </span>
     <span class='ocr_line' id='line_1_15' title="bbox 206 1905 1348 2000; baseline -0.004 -18"><span class='ocrx_word' id='word_1_99' title='bbox 206 1921 318 1983; x_wconf 84' lang='lat' dir='ltr'><strong>dativus</strong></span> <span class='ocrx_word' id='word_1_100' title='bbox 339 1915 463 1995; x_wconf 74' lang='grc' dir='ltr'><strong><em>τοῖσδε,</em></strong></span> <span class='ocrx_word' id='word_1_101' title='bbox 486 1919 535 1981; x_wconf 89' lang='lat' dir='ltr'><strong>cui</strong></span> <span class='ocrx_word' id='word_1_102' title='bbox 555 1918 727 2000; x_wconf 88' lang='lat' dir='ltr'><strong>pronomini</strong></span> <span class='ocrx_word' id='word_1_103' title='bbox 749 1919 881 1981; x_wconf 89' lang='lat' dir='ltr'><strong>additum</strong></span> <span class='ocrx_word' id='word_1_104' title='bbox 904 1926 949 1981; x_wconf 91' lang='lat' dir='ltr'><strong>est</strong></span> <span class='ocrx_word' id='word_1_105' title='bbox 972 1905 1141 1982; x_wconf 86' lang='lat' dir='ltr'><strong>adverbium</strong></span> <span class='ocrx_word' id='word_1_106' title='bbox 1163 1916 1221 1979; x_wconf 90' lang='lat' dir='ltr'><strong>loci</strong></span> <span class='ocrx_word' id='word_1_107' title='bbox 1244 1913 1348 1989; x_wconf 85' lang='grc' dir='ltr'><strong><em>πέλας</em></strong></span> 
     </span>
     <span class='ocr_line' id='line_1_16' title="bbox 207 2017 371 2082; baseline -0.012 -1"><span class='ocrx_word' id='word_1_108' title='bbox 207 2017 371 2082; x_wconf 81' lang='lat' dir='ltr'><strong>attributio.</strong></span> 
     </span>
    </p>

    <p class='ocr_par' dir='ltr' id='par_1_6' title="bbox 206 2115 1349 2497">
     <span class='ocr_line' id='line_1_17' title="bbox 291 2115 1348 2198; baseline 0.001 -20"><span class='ocrx_word' id='word_1_109' title='bbox 291 2137 318 2179; x_wconf 87' lang='lat' dir='ltr'><strong>v.</strong></span> <span class='ocrx_word' id='word_1_110' title='bbox 342 2117 412 2178; x_wconf 81' lang='lat'><strong>600.</strong></span> <span class='ocrx_word' id='word_1_111' title='bbox 457 2116 543 2190; x_wconf 81' lang='lat' dir='ltr'><strong>Aiax,</strong></span> <span class='ocrx_word' id='word_1_112' title='bbox 570 2135 660 2196; x_wconf 88' lang='lat' dir='ltr'><strong>quem</strong></span> <span class='ocrx_word' id='word_1_113' title='bbox 692 2117 814 2182; x_wconf 87' lang='lat' dir='ltr'><strong>insanae</strong></span> <span class='ocrx_word' id='word_1_114' title='bbox 846 2117 994 2197; x_wconf 87' lang='lat' dir='ltr'><strong>pecudum</strong></span> <span class='ocrx_word' id='word_1_115' title='bbox 1022 2116 1119 2179; x_wconf 89' lang='lat' dir='ltr'><strong>caedis</strong></span> <span class='ocrx_word' id='word_1_116' title='bbox 1147 2115 1285 2198; x_wconf 84' lang='lat' dir='ltr'><strong>pudebat,</strong></span> <span class='ocrx_word' id='word_1_117' title='bbox 1315 2137 1348 2179; x_wconf 93' lang='lat' dir='ltr'><strong>se</strong></span> 
     </span>
     <span class='ocr_line' id='line_1_18' title="bbox 207 2214 1347 2296; baseline 0.001 -19"><span class='ocrx_word' id='word_1_118' title='bbox 207 2216 285 2279; x_wconf 89' lang='lat' dir='ltr'><strong>mori</strong></span> <span class='ocrx_word' id='word_1_119' title='bbox 314 2216 388 2277; x_wconf 85' lang='lat' dir='ltr'><strong>velle</strong></span> <span class='ocrx_word' id='word_1_120' title='bbox 416 2215 627 2296; x_wconf 89' lang='lat' dir='ltr'><strong>pronuntiavit,</strong></span> <span class='ocrx_word' id='word_1_121' title='bbox 658 2214 770 2276; x_wconf 79' lang='lat' dir='ltr'><strong>frustra</strong></span> <span class='ocrx_word' id='word_1_122' title='bbox 802 2215 998 2278; x_wconf 88' lang='lat' dir='ltr'><strong>a&#39;lecmessa</strong></span> <span class='ocrx_word' id='word_1_123' title='bbox 1028 2215 1152 2296; x_wconf 89' lang='lat' dir='ltr'><strong>coniuge</strong></span> <span class='ocrx_word' id='word_1_124' title='bbox 1186 2225 1216 2279; x_wconf 90' lang='lat' dir='ltr'><strong>et</strong></span> <span class='ocrx_word' id='word_1_125' title='bbox 1249 2217 1347 2279; x_wconf 91' lang='lat' dir='ltr'><strong>nautis</strong></span> 
     </span>
     <span class='ocr_line' id='line_1_19' title="bbox 207 2313 1349 2396; baseline 0.002 -20"><span class='ocrx_word' id='word_1_126' title='bbox 207 2313 374 2377; x_wconf 88' lang='lat' dir='ltr'><strong>Salaminiis</strong></span> <span class='ocrx_word' id='word_1_127' title='bbox 408 2322 509 2375; x_wconf 89' lang='lat' dir='ltr'><strong>oratus</strong></span> <span class='ocrx_word' id='word_1_128' title='bbox 543 2333 581 2376; x_wconf 91' lang='lat' dir='ltr'><strong>ne</strong></span> <span class='ocrx_word' id='word_1_129' title='bbox 614 2313 671 2376; x_wconf 88' lang='lat' dir='ltr'><strong>boc</strong></span> <span class='ocrx_word' id='word_1_130' title='bbox 703 2315 797 2377; x_wconf 77' lang='lat' dir='ltr'><strong>faciat</strong></span> <span class='ocrx_word' id='word_1_131' title='bbox 849 2314 963 2377; x_wconf 86' lang='lat' dir='ltr'><strong>Chorus</strong></span> <span class='ocrx_word' id='word_1_132' title='bbox 998 2315 1087 2395; x_wconf 92' lang='lat' dir='ltr'><strong>igitur</strong></span> <span class='ocrx_word' id='word_1_133' title='bbox 1114 2334 1207 2396; x_wconf 91' lang='lat' dir='ltr'><strong>quum</strong></span> <span class='ocrx_word' id='word_1_134' title='bbox 1235 2316 1349 2378; x_wconf 90' lang='lat' dir='ltr'><strong>domini</strong></span> 
     </span>
     <span class='ocr_line' id='line_1_20' title="bbox 206 2413 1299 2497; baseline -0.001 -22"><span class='ocrx_word' id='word_1_135' title='bbox 206 2413 398 2494; x_wconf 90' lang='lat' dir='ltr'><strong>pertinaciam</strong></span> <span class='ocrx_word' id='word_1_136' title='bbox 422 2413 600 2492; x_wconf 86' lang='lat' dir='ltr'><strong>cognoverit,</strong></span> <span class='ocrx_word' id='word_1_137' title='bbox 622 2413 736 2494; x_wconf 87' lang='lat' dir='ltr'><strong>patriae</strong></span> <span class='ocrx_word' id='word_1_138' title='bbox 758 2413 932 2476; x_wconf 87' lang='lat' dir='ltr'><strong>recordatur</strong></span> <span class='ocrx_word' id='word_1_139' title='bbox 953 2414 1132 2497; x_wconf 83' lang='lat' dir='ltr'><strong>longinquae</strong></span> <span class='ocrx_word' id='word_1_140' title='bbox 1156 2415 1299 2478; x_wconf 89' lang='lat' dir='ltr'><strong>carmine:</strong></span> 
     </span>
    </p>
   </div>
   <div class='ocr_carea' id='block_1_5' title="bbox 301 2533 1349 3514">
    <p class='ocr_par' dir='ltr' id='par_1_7' title="bbox 301 2533 902 2622">
     <span class='ocr_line' id='line_1_21' title="bbox 301 2533 902 2622; baseline 0.005 -22"><span class='ocrx_word' id='word_1_141' title='bbox 301 2533 351 2600; x_wconf 63' lang='lat' dir='ltr'><strong>*id</strong></span> <span class='ocrx_word' id='word_1_142' title='bbox 373 2536 487 2604; x_wconf 80' lang='grc' dir='ltr'><strong><em>κλεινὰ</em></strong></span> <span class='ocrx_word' id='word_1_143' title='bbox 508 2537 666 2621; x_wconf 60' lang='lat' dir='ltr'><strong>Colapis,</strong></span> <span class='ocrx_word' id='word_1_144' title='bbox 690 2535 730 2602; x_wconf 82' lang='lat' dir='ltr'><strong>od</strong></span> <span class='ocrx_word' id='word_1_145' title='bbox 752 2541 814 2622; x_wconf 83' lang='grc' dir='ltr'><strong>μέν</strong></span> <span class='ocrx_word' id='word_1_146' title='bbox 834 2560 902 2603; x_wconf 88' lang='grc' dir='ltr'><strong>που</strong></span> 
     </span>
    </p>

    <p class='ocr_par' dir='ltr' id='par_1_8' title="bbox 306 2632 827 2721">
     <span class='ocr_line' id='line_1_22' title="bbox 306 2632 827 2721; baseline 0.004 -21"><span class='ocrx_word' id='word_1_147' title='bbox 306 2641 412 2714; x_wconf 82' lang='grc' dir='ltr'><strong><em>ναίεις</em></strong></span> <span class='ocrx_word' id='word_1_148' title='bbox 434 2634 637 2712; x_wconf 76' lang='grc' dir='ltr'><strong><em>ἁλίπλακοος</em></strong></span> <span class='ocrx_word' id='word_1_149' title='bbox 658 2632 827 2721; x_wconf 73' lang='grc' dir='ltr'><strong><em>εὐδαίμων</em></strong></span> 
     </span>
    </p>

    <p class='ocr_par' dir='ltr' id='par_1_9' title="bbox 306 2732 729 2822">
     <span class='ocr_line' id='line_1_23' title="bbox 306 2732 729 2822; baseline -0.007 -19"><span class='ocrx_word' id='word_1_150' title='bbox 306 2736 414 2803; x_wconf 82' lang='grc' dir='ltr'><strong><em>πᾶσιν</em></strong></span> <span class='ocrx_word' id='word_1_151' title='bbox 436 2739 640 2822; x_wconf 82' lang='grc' dir='ltr'><strong><em>περίφανιος</em></strong></span> <span class='ocrx_word' id='word_1_152' title='bbox 663 2732 729 2801; x_wconf 81' lang='grc' dir='ltr'><strong><em>ἀεί.</em></strong></span> 
     </span>
    </p>

    <p class='ocr_par' dir='ltr' id='par_1_10' title="bbox 306 2829 1104 2920">
     <span class='ocr_line' id='line_1_24' title="bbox 306 2829 1104 2920; baseline 0.005 -22"><span class='ocrx_word' id='word_1_153' title='bbox 306 2833 370 2917; x_wconf 74' lang='grc' dir='ltr'><strong>ἐγώ</strong></span> <span class='ocrx_word' id='word_1_154' title='bbox 393 2832 424 2898; x_wconf 73' lang='grc' dir='ltr'><strong>δ’</strong></span> <span class='ocrx_word' id='word_1_155' title='bbox 448 2829 466 2899; x_wconf 81' lang='grc' dir='ltr'><strong><em>δ</em></strong></span> <span class='ocrx_word' id='word_1_156' title='bbox 490 2833 624 2920; x_wconf 77' lang='grc' dir='ltr'><strong><em>τλάμων</em></strong></span> <span class='ocrx_word' id='word_1_157' title='bbox 647 2834 791 2911; x_wconf 82' lang='grc' dir='ltr'><strong><em>παλαιὸς</em></strong></span> <span class='ocrx_word' id='word_1_158' title='bbox 814 2832 877 2920; x_wconf 76' lang='grc' dir='ltr'><strong>ἀφ’</strong></span> <span class='ocrx_word' id='word_1_159' title='bbox 902 2829 941 2898; x_wconf 86' lang='grc' dir='ltr'><strong>οὗ</strong></span> <span class='ocrx_word' id='word_1_160' title='bbox 961 2832 1078 2920; x_wconf 84' lang='grc' dir='ltr'><strong><em>χρόνος</em></strong></span> <span class='ocrx_word' id='word_1_161' title='bbox 1102 2867 1104 2874; x_wconf 66' lang='grc'><strong>’</strong></span> 
     </span>
    </p>

    <p class='ocr_par' dir='ltr' id='par_1_11' title="bbox 301 2929 1349 3117">
     <span class='ocr_line' id='line_1_25' title="bbox 301 2929 1349 3018; baseline 0.002 -22"><span class='ocrx_word' id='word_1_162' title='bbox 301 2929 422 2998; x_wconf 83' lang='grc' dir='ltr'><strong><em>Ἰδαίαι</em></strong></span> <span class='ocrx_word' id='word_1_163' title='bbox 453 2937 583 3018; x_wconf 81' lang='grc' dir='ltr'><strong><em>μίμνων</em></strong></span> <span class='ocrx_word' id='word_1_164' title='bbox 611 2929 772 3014; x_wconf 78' lang='grc' dir='ltr'><strong><em>λειμωνία</em></strong></span> <span class='ocrx_word' id='word_1_165' title='bbox 805 2937 890 3013; x_wconf 78' lang='grc' dir='ltr'><strong><em>ποία</em></strong></span> <span class='ocrx_word' id='word_1_166' title='bbox 915 2931 1028 3016; x_wconf 80' lang='grc' dir='ltr'><strong><em>μήλων</em></strong></span> <span class='ocrx_word' id='word_1_167' title='bbox 1055 2930 1243 3018; x_wconf 77' lang='grc' dir='ltr'><strong><em>ἆνήριθμος</em></strong></span> <span class='ocrx_word' id='word_1_168' title='bbox 1275 2934 1349 3000; x_wconf 71' lang='lat' dir='ltr'><strong>aido</strong></span> 
     </span>
     <span class='ocr_line' id='line_1_26' title="bbox 1125 3028 1249 3117; baseline 0.008 -21"><span class='ocrx_word' id='word_1_169' title='bbox 1125 3028 1249 3117; x_wconf 75' lang='grc' dir='ltr'><strong><em>εὖνόμᾳ</em></strong></span> 
     </span>
    </p>

    <p class='ocr_par' dir='ltr' id='par_1_12' title="bbox 306 3126 631 3214">
     <span class='ocr_line' id='line_1_27' title="bbox 306 3126 631 3214; baseline 0.006 -22"><span class='ocrx_word' id='word_1_170' title='bbox 306 3126 412 3214; x_wconf 80' lang='grc' dir='ltr'><strong><em>χρόνῳ</em></strong></span> <span class='ocrx_word' id='word_1_171' title='bbox 434 3127 631 3214; x_wconf 77' lang='grc' dir='ltr'><strong><em>τρυχόμενος</em></strong></span> 
     </span>
    </p>

    <p class='ocr_par' dir='ltr' id='par_1_13' title="bbox 306 3223 654 3308">
     <span class='ocr_line' id='line_1_28' title="bbox 306 3223 654 3308; baseline 0.006 -17"><span class='ocrx_word' id='word_1_172' title='bbox 306 3228 411 3292; x_wconf 81' lang='grc' dir='ltr'><strong><em>ναιιὰν</em></strong></span> <span class='ocrx_word' id='word_1_173' title='bbox 432 3223 547 3292; x_wconf 76' lang='grc' dir='ltr'><strong><em>ἐλπίδ’</em></strong></span> <span class='ocrx_word' id='word_1_174' title='bbox 570 3227 654 3308; x_wconf 82' lang='grc' dir='ltr'><strong><em>ἔχων</em></strong></span> 
     </span>
    </p>

    <p class='ocr_par' dir='ltr' id='par_1_14' title="bbox 305 3320 681 3412">
     <span class='ocr_line' id='line_1_29' title="bbox 305 3320 681 3412; baseline 0 -20"><span class='ocrx_word' id='word_1_175' title='bbox 305 3320 354 3392; x_wconf 69' lang='grc' dir='ltr'><strong>ἔτι</strong></span> <span class='ocrx_word' id='word_1_176' title='bbox 376 3331 419 3412; x_wconf 75' lang='grc' dir='ltr'><strong>μέ</strong></span> <span class='ocrx_word' id='word_1_177' title='bbox 439 3324 519 3394; x_wconf 73' lang='grc' dir='ltr'><strong>ποτ’</strong></span> <span class='ocrx_word' id='word_1_178' title='bbox 543 3321 681 3393; x_wconf 72' lang='grc' dir='ltr'><strong><em>ἀνύσειν</em></strong></span> 
     </span>
    </p>

    <p class='ocr_par' dir='ltr' id='par_1_15' title="bbox 305 3421 883 3514">
     <span class='ocr_line' id='line_1_30' title="bbox 305 3421 883 3514; baseline 0 -24"><span class='ocrx_word' id='word_1_179' title='bbox 305 3425 364 3492; x_wconf 82' lang='grc' dir='ltr'><strong>τὸν</strong></span> <span class='ocrx_word' id='word_1_180' title='bbox 386 3424 581 3514; x_wconf 79' lang='grc' dir='ltr'><strong><em>ἀπότροπον</em></strong></span> <span class='ocrx_word' id='word_1_181' title='bbox 603 3424 742 3512; x_wconf 80' lang='grc' dir='ltr'><strong><em>ἀίδηλον</em></strong></span> <span class='ocrx_word' id='word_1_182' title='bbox 758 3421 883 3494; x_wconf 77' lang='grc' dir='ltr'><strong><em>Ἅιδαν.</em></strong></span> 
     </span>
    </p>
   </div>
   <div class='ocr_carea' id='block_1_6' title="bbox 205 3556 1380 4634">
    <p class='ocr_par' dir='ltr' id='par_1_16' title="bbox 205 3556 1380 4036">
     <span class='ocr_line' id='line_1_31' title="bbox 292 3556 1380 3641; baseline 0.006 -24"><span class='ocrx_word' id='word_1_183' title='bbox 292 3556 404 3619; x_wconf 87' lang='lat' dir='ltr'><strong>Locum</strong></span> <span class='ocrx_word' id='word_1_184' title='bbox 431 3577 534 3640; x_wconf 82' lang='lat' dir='ltr'><strong>paene</strong></span> <span class='ocrx_word' id='word_1_185' title='bbox 553 3560 744 3641; x_wconf 88' lang='lat' dir='ltr'><strong>desperatum</strong></span> <span class='ocrx_word' id='word_1_186' title='bbox 772 3579 805 3622; x_wconf 86' lang='lat' dir='ltr'><strong>ac</strong></span> <span class='ocrx_word' id='word_1_187' title='bbox 828 3559 995 3640; x_wconf 87' lang='lat' dir='ltr'><strong>depositum</strong></span> <span class='ocrx_word' id='word_1_188' title='bbox 1024 3561 1050 3622; x_wconf 88' lang='lat' dir='ltr'><strong>si</strong></span> <span class='ocrx_word' id='word_1_189' title='bbox 1073 3567 1141 3640; x_wconf 88' lang='lat' dir='ltr'><strong>post</strong></span> <span class='ocrx_word' id='word_1_190' title='bbox 1162 3569 1208 3624; x_wconf 90' lang='lat' dir='ltr'><strong>tot</strong></span> <span class='ocrx_word' id='word_1_191' title='bbox 1229 3581 1275 3624; x_wconf 87' lang='lat' dir='ltr'><strong>vv.</strong></span> <span class='ocrx_word' id='word_1_192' title='bbox 1299 3561 1348 3623; x_wconf 92' lang='lat' dir='ltr'><strong>dd.</strong></span> <span class='ocrx_word' id='word_1_193' title='bbox 1377 3583 1380 3590; x_wconf 95' lang='lat'>·</span> 
     </span>
     <span class='ocr_line' id='line_1_32' title="bbox 206 3654 1348 3741; baseline 0.005 -27"><span class='ocrx_word' id='word_1_194' title='bbox 206 3654 301 3717; x_wconf 88' lang='lat' dir='ltr'><strong>varias</strong></span> <span class='ocrx_word' id='word_1_195' title='bbox 324 3664 356 3716; x_wconf 88' lang='lat' dir='ltr'><strong>et</strong></span> <span class='ocrx_word' id='word_1_196' title='bbox 377 3657 507 3719; x_wconf 85' lang='lat' dir='ltr'><strong>diversas</strong></span> <span class='ocrx_word' id='word_1_197' title='bbox 529 3660 751 3720; x_wconf 85' lang='lat' dir='ltr'><strong>emendationes</strong></span> <span class='ocrx_word' id='word_1_198' title='bbox 767 3677 921 3738; x_wconf 81' lang='lat' dir='ltr'><strong>aggressus</strong></span> <span class='ocrx_word' id='word_1_199' title='bbox 936 3677 1013 3733; x_wconf 87' lang='lat' dir='ltr'><strong>sum,</strong></span> <span class='ocrx_word' id='word_1_200' title='bbox 1029 3677 1097 3721; x_wconf 87' lang='lat' dir='ltr'><strong>non</strong></span> <span class='ocrx_word' id='word_1_201' title='bbox 1111 3661 1141 3721; x_wconf 92' lang='lat' dir='ltr'><strong>id</strong></span> <span class='ocrx_word' id='word_1_202' title='bbox 1157 3661 1228 3723; x_wconf 90' lang='lat' dir='ltr'><strong>mibi</strong></span> <span class='ocrx_word' id='word_1_203' title='bbox 1243 3679 1348 3741; x_wconf 87' lang='lat' dir='ltr'><strong>arrogo</strong></span> 
     </span>
     <span class='ocr_line' id='line_1_33' title="bbox 205 3757 1349 3840; baseline 0.005 -24"><span class='ocrx_word' id='word_1_204' title='bbox 205 3762 241 3816; x_wconf 90' lang='lat' dir='ltr'><strong>ut</strong></span> <span class='ocrx_word' id='word_1_205' title='bbox 264 3773 358 3816; x_wconf 87' lang='lat' dir='ltr'><strong>unum</strong></span> <span class='ocrx_word' id='word_1_206' title='bbox 381 3774 428 3816; x_wconf 91' lang='lat' dir='ltr'><strong>me</strong></span> <span class='ocrx_word' id='word_1_207' title='bbox 451 3757 585 3818; x_wconf 87' lang='lat' dir='ltr'><strong>omniurn</strong></span> <span class='ocrx_word' id='word_1_208' title='bbox 609 3758 680 3837; x_wconf 88' lang='lat' dir='ltr'><strong>quid</strong></span> <span class='ocrx_word' id='word_1_209' title='bbox 702 3765 799 3838; x_wconf 85' lang='lat' dir='ltr'><strong>poeta¹</strong></span> <span class='ocrx_word' id='word_1_210' title='bbox 813 3759 964 3840; x_wconf 89' lang='lat' dir='ltr'><strong>scripserit</strong></span> <span class='ocrx_word' id='word_1_211' title='bbox 986 3758 1144 3838; x_wconf 87' lang='lat' dir='ltr'><strong>aperuisse</strong></span> <span class='ocrx_word' id='word_1_212' title='bbox 1159 3767 1272 3840; x_wconf 89' lang='lat' dir='ltr'><strong>putem,</strong></span> <span class='ocrx_word' id='word_1_213' title='bbox 1296 3759 1349 3822; x_wconf 87' lang='lat' dir='ltr'><strong>sed</strong></span> 
     </span>
     <span class='ocr_line' id='line_1_34' title="bbox 205 3854 1349 3939; baseline 0.005 -23"><span class='ocrx_word' id='word_1_214' title='bbox 205 3861 324 3918; x_wconf 89' lang='lat' dir='ltr'><strong>tantum</strong></span> <span class='ocrx_word' id='word_1_215' title='bbox 345 3854 377 3917; x_wconf 89' lang='lat' dir='ltr'><strong>id</strong></span> <span class='ocrx_word' id='word_1_216' title='bbox 398 3862 476 3936; x_wconf 89' lang='lat' dir='ltr'><strong>peto,</strong></span> <span class='ocrx_word' id='word_1_217' title='bbox 500 3862 533 3917; x_wconf 88' lang='lat' dir='ltr'><strong>ut</strong></span> <span class='ocrx_word' id='word_1_218' title='bbox 555 3857 635 3935; x_wconf 89' lang='lat' dir='ltr'><strong>quod</strong></span> <span class='ocrx_word' id='word_1_219' title='bbox 657 3857 746 3919; x_wconf 88' lang='lat' dir='ltr'><strong>verba</strong></span> <span class='ocrx_word' id='word_1_220' title='bbox 768 3856 876 3919; x_wconf 89' lang='lat' dir='ltr'><strong>tradita</strong></span> <span class='ocrx_word' id='word_1_221' title='bbox 891 3877 995 3922; x_wconf 87' lang='lat' dir='ltr'><strong>sanare</strong></span> <span class='ocrx_word' id='word_1_222' title='bbox 1011 3866 1133 3920; x_wconf 87' lang='lat' dir='ltr'><strong>conatus</strong></span> <span class='ocrx_word' id='word_1_223' title='bbox 1148 3858 1206 3920; x_wconf 89' lang='lat' dir='ltr'><strong>sim</strong></span> <span class='ocrx_word' id='word_1_224' title='bbox 1221 3857 1349 3939; x_wconf 85' lang='lat' dir='ltr'><strong>benigne</strong></span> 
     </span>
     <span class='ocr_line' id='line_1_35' title="bbox 205 3954 1261 4036; baseline 0.005 -20"><span class='ocrx_word' id='word_1_225' title='bbox 205 3955 324 4016; x_wconf 86' lang='lat' dir='ltr'><strong>feratur·</strong></span> <span class='ocrx_word' id='word_1_226' title='bbox 341 3963 370 4016; x_wconf 89' lang='lat' dir='ltr'><strong>et</strong></span> <span class='ocrx_word' id='word_1_227' title='bbox 391 3954 482 4018; x_wconf 86' lang='lat' dir='ltr'><strong>libere</strong></span> <span class='ocrx_word' id='word_1_228' title='bbox 504 3956 681 4036; x_wconf 83' lang='lat' dir='ltr'><strong>exploretur.</strong></span> <span class='ocrx_word' id='word_1_229' title='bbox 786 3959 789 3966; x_wconf 86' lang='lat'>&#39;</span> <span class='ocrx_word' id='word_1_230' title='bbox 1259 3955 1261 3962; x_wconf 84' lang='grc'><strong>’</strong></span> 
     </span>
    </p>

    <p class='ocr_par' dir='ltr' id='par_1_17' title="bbox 206 4055 1349 4634">
     <span class='ocr_line' id='line_1_36' title="bbox 291 4055 1348 4136; baseline 0.007 -22"><span class='ocrx_word' id='word_1_231' title='bbox 291 4056 388 4134; x_wconf 77' lang='lat' dir='ltr'><strong>litque</strong></span> <span class='ocrx_word' id='word_1_232' title='bbox 421 4055 551 4135; x_wconf 90' lang='lat' dir='ltr'><strong>primum</strong></span> <span class='ocrx_word' id='word_1_233' title='bbox 589 4055 709 4136; x_wconf 90' lang='lat' dir='ltr'><strong>quidem</strong></span> <span class='ocrx_word' id='word_1_234' title='bbox 744 4055 830 4118; x_wconf 88' lang='lat' dir='ltr'><strong>nubis</strong></span> <span class='ocrx_word' id='word_1_235' title='bbox 860 4056 1023 4118; x_wconf 85' lang='lat' dir='ltr'><strong>sententias</strong></span> <span class='ocrx_word' id='word_1_236' title='bbox 1050 4055 1129 4118; x_wconf 91' lang='lat' dir='ltr'><strong>inter</strong></span> <span class='ocrx_word' id='word_1_237' title='bbox 1161 4075 1194 4121; x_wconf 89' lang='lat' dir='ltr'><strong>se</strong></span> <span class='ocrx_word' id='word_1_238' title='bbox 1220 4077 1348 4122; x_wconf 84' lang='lat' dir='ltr'><strong>conexas</strong></span> 
     </span>
     <span class='ocr_line' id='line_1_37' title="bbox 208 4153 1349 4238; baseline 0.004 -23"><span class='ocrx_word' id='word_1_239' title='bbox 208 4153 433 4234; x_wconf 87' lang='lat' dir='ltr'><strong>respicientibus</strong></span> <span class='ocrx_word' id='word_1_240' title='bbox 463 4165 494 4218; x_wconf 87' lang='lat' dir='ltr'><strong>et</strong></span> <span class='ocrx_word' id='word_1_241' title='bbox 518 4155 686 4218; x_wconf 90' lang='lat' dir='ltr'><strong>litterarum</strong></span> <span class='ocrx_word' id='word_1_242' title='bbox 716 4157 822 4218; x_wconf 88' lang='lat' dir='ltr'><strong>ductus</strong></span> <span class='ocrx_word' id='word_1_243' title='bbox 845 4156 937 4217; x_wconf 88' lang='lat' dir='ltr'><strong>oculis</strong></span> <span class='ocrx_word' id='word_1_244' title='bbox 959 4155 1206 4236; x_wconf 86' lang='lat' dir='ltr'><strong>perlustrantibus</strong></span> <span class='ocrx_word' id='word_1_245' title='bbox 1229 4166 1349 4238; x_wconf 84' lang='lat' dir='ltr'><strong>apparet</strong></span> 
     </span>
     <span class='ocr_line' id='line_1_38' title="bbox 206 4254 1347 4339; baseline 0.004 -25"><span class='ocrx_word' id='word_1_246' title='bbox 206 4260 323 4332; x_wconf 88' lang='lat' dir='ltr'><strong>poetam</strong></span> <span class='ocrx_word' id='word_1_247' title='bbox 351 4254 382 4314; x_wconf 93' lang='lat' dir='ltr'><strong>in</strong></span> <span class='ocrx_word' id='word_1_248' title='bbox 405 4255 486 4316; x_wconf 88' lang='lat' dir='ltr'><strong>bunc</strong></span> <span class='ocrx_word' id='word_1_249' title='bbox 507 4255 569 4316; x_wconf 83' lang='lat' dir='ltr'><strong>lere</strong></span> <span class='ocrx_word' id='word_1_250' title='bbox 591 4255 713 4316; x_wconf 90' lang='lat' dir='ltr'><strong>modum</strong></span> <span class='ocrx_word' id='word_1_251' title='bbox 736 4273 758 4316; x_wconf 84' lang='lat' dir='ltr'><strong>a</strong></span> <span class='ocrx_word' id='word_1_252' title='bbox 774 4256 865 4316; x_wconf 90' lang='lat' dir='ltr'><strong>choro</strong></span> <span class='ocrx_word' id='word_1_253' title='bbox 894 4255 1006 4316; x_wconf 89' lang='lat' dir='ltr'><strong>dictum</strong></span> <span class='ocrx_word' id='word_1_254' title='bbox 1027 4256 1169 4319; x_wconf 88' lang='lat' dir='ltr'><strong>voluisse:</strong></span> <span class='ocrx_word' id='word_1_255' title='bbox 1204 4261 1251 4320; x_wconf 87' lang='lat' dir='ltr'><strong>‘tu</strong></span> <span class='ocrx_word' id='word_1_256' title='bbox 1280 4257 1347 4339; x_wconf 92' lang='lat' dir='ltr'><strong>qui-</strong></span> 
     </span>
     <span class='ocr_line' id='line_1_39' title="bbox 208 4351 1347 4435; baseline 0.004 -22"><span class='ocrx_word' id='word_1_257' title='bbox 208 4351 284 4414; x_wconf 69' lang='lat' dir='ltr'><strong>dem¹</strong></span> <span class='ocrx_word' id='word_1_258' title='bbox 302 4353 426 4414; x_wconf 86' lang='lat' dir='ltr'><strong>Salamis</strong></span> <span class='ocrx_word' id='word_1_259' title='bbox 454 4353 533 4416; x_wconf 87' lang='lat' dir='ltr'><strong>iaces</strong></span> <span class='ocrx_word' id='word_1_260' title='bbox 555 4353 641 4416; x_wconf 87' lang='lat' dir='ltr'><strong>beata</strong></span> <span class='ocrx_word' id='word_1_261' title='bbox 670 4363 699 4417; x_wconf 89' lang='lat' dir='ltr'><strong>et</strong></span> <span class='ocrx_word' id='word_1_262' title='bbox 721 4373 832 4430; x_wconf 90' lang='lat' dir='ltr'><strong>secura,</strong></span> <span class='ocrx_word' id='word_1_263' title='bbox 861 4371 964 4417; x_wconf 89' lang='lat' dir='ltr'><strong>verum</strong></span> <span class='ocrx_word' id='word_1_264' title='bbox 992 4371 1046 4435; x_wconf 90' lang='lat' dir='ltr'><strong>ego</strong></span> <span class='ocrx_word' id='word_1_265' title='bbox 1074 4355 1261 4418; x_wconf 89' lang='lat' dir='ltr'><strong>miserrimus</strong></span> <span class='ocrx_word' id='word_1_266' title='bbox 1288 4357 1347 4418; x_wconf 87' lang='lat' dir='ltr'><strong>iam</strong></span> 
     </span>
     <span class='ocr_line' id='line_1_40' title="bbox 208 4450 1346 4536; baseline 0.006 -25"><span class='ocrx_word' id='word_1_267' title='bbox 208 4450 260 4512; x_wconf 90' lang='lat' dir='ltr'><strong>diu</strong></span> <span class='ocrx_word' id='word_1_268' title='bbox 283 4451 402 4513; x_wconf 87' lang='lat' dir='ltr'><strong>Troiam</strong></span> <span class='ocrx_word' id='word_1_269' title='bbox 436 4453 575 4515; x_wconf 88' lang='lat' dir='ltr'><strong>obsidens</strong></span> <span class='ocrx_word' id='word_1_270' title='bbox 609 4453 657 4515; x_wconf 88' lang='lat' dir='ltr'><strong>hic</strong></span> <span class='ocrx_word' id='word_1_271' title='bbox 685 4471 786 4517; x_wconf 89' lang='lat' dir='ltr'><strong>moror</strong></span> <span class='ocrx_word' id='word_1_272' title='bbox 813 4464 947 4535; x_wconf 85' lang='lat' dir='ltr'><strong>tempore</strong></span> <span class='ocrx_word' id='word_1_273' title='bbox 976 4455 1072 4536; x_wconf 86' lang='lat' dir='ltr'><strong>tritus</strong></span> <span class='ocrx_word' id='word_1_274' title='bbox 1093 4462 1123 4516; x_wconf 90' lang='lat' dir='ltr'><strong>et</strong></span> <span class='ocrx_word' id='word_1_275' title='bbox 1145 4463 1272 4518; x_wconf 88' lang='lat' dir='ltr'><strong>mortem</strong></span> <span class='ocrx_word' id='word_1_276' title='bbox 1295 4476 1346 4518; x_wconf 82' lang='lat' dir='ltr'><strong>ex-</strong></span> 
     </span>
     <span class='ocr_line' id='line_1_41' title="bbox 206 4549 1346 4634; baseline 0.004 -22"><span class='ocrx_word' id='word_1_277' title='bbox 206 4549 391 4614; x_wconf 85' lang='lat' dir='ltr'><strong>timescens’.</strong></span> <span class='ocrx_word' id='word_1_278' title='bbox 436 4552 523 4625; x_wconf 82' lang='lat' dir='ltr'><strong>Quae</strong></span> <span class='ocrx_word' id='word_1_279' title='bbox 551 4553 576 4613; x_wconf 91' lang='lat' dir='ltr'><strong>si</strong></span> <span class='ocrx_word' id='word_1_280' title='bbox 609 4562 688 4616; x_wconf 89' lang='lat' dir='ltr'><strong>recte</strong></span> <span class='ocrx_word' id='word_1_281' title='bbox 715 4563 848 4617; x_wconf 88' lang='lat' dir='ltr'><strong>enarrata</strong></span> <span class='ocrx_word' id='word_1_282' title='bbox 870 4562 949 4629; x_wconf 88' lang='lat' dir='ltr'><strong>sunt,</strong></span> <span class='ocrx_word' id='word_1_283' title='bbox 978 4554 1102 4634; x_wconf 85' lang='lat' dir='ltr'><strong>Bergkic</strong></span> <span class='ocrx_word' id='word_1_284' title='bbox 1125 4555 1346 4617; x_wconf 89' lang='lat' dir='ltr'><strong>assentiendum</strong></span> 
     </span>
    </p>
   </div>
   <div class='ocr_carea' id='block_1_7' title="bbox 0 0 1629 5142">
    <p class='ocr_par' dir='ltr' id='par_1_18' title="bbox 0 0 1629 5142">
     <span class='ocr_line' id='line_1_42' title="bbox 0 0 1629 5142; baseline 0 0"><span class='ocrx_word' id='word_1_285' title='bbox 0 0 1629 5142; x_wconf 95' lang='lat' dir='ltr'><strong> </strong></span> 
     </span>
    </p>
   </div>
  </div>
 </body>
</html>
