3252 5142
316 1265 705 1366 Emendationes
741 1269 791 1365 et
825 1264 1261 1396 interpretationes

637 1431 954 1566 Sophocleae.

873 1762 927 1814 Nos
945 1763 989 1828 qui
1012 1763 1140 1828 sequimur
1158 1761 1299 1828 probabilia
1317 1778 1363 1814 nec

822 1846 893 1899 ultra
911 1846 937 1896 id
956 1845 1021 1912 quod
1040 1845 1097 1896 veri
1115 1844 1200 1904 simile
1220 1843 1366 1896 occurrerit

822 1927 943 1994 progredi
960 1943 1102 1994 possumus,
1124 1933 1151 1976 et
1169 1924 1290 1978 refellere
1307 1926 1364 1978 sine

822 2009 964 2075 pertinacia
989 2016 1016 2059 et
1039 2005 1126 2059 refelli
1154 2009 1208 2058 sine
1231 2007 1364 2059 iracundia

822 2092 904 2156 parati
923 2105 1017 2142 sumus.

916 2171 970 2224 Cic.
989 2173 1084 2239 disput.
1102 2171 1205 2224 Tuscul.
1225 2171 1256 2237 ll,
1268 2171 1292 2239 2,
1305 2173 1329 2224 5.

304 2326 403 2397 Quum
437 2322 574 2403 plurimis
605 2322 800 2402 scriptoribus
834 2322 951 2386 Graecis
983 2330 1012 2386 et
1046 2323 1203 2397 Romanis,
1235 2329 1299 2383 tum
1332 2323 1364 2384 in

219 2423 322 2506 primis
346 2423 487 2503 Sophocli
508 2421 619 2487 uostris
641 2422 763 2483 demum
785 2421 969 2502 temporibus
992 2423 1129 2502 contigit,
1157 2431 1192 2484 ut
1213 2421 1277 2484 eius
1297 2421 1365 2483 libri

220 2543 311 2588 mauu
333 2521 497 2602 scriptiita
513 2520 765 2602 perquirerentur,
789 2530 821 2584 ut
841 2539 915 2602 quae
937 2520 977 2582 sit
998 2540 1102 2594 eorum
1125 2521 1203 2583 inter
1226 2540 1257 2582 se
1279 2520 1364 2582 simi-

219 2623 314 2685 litudo
336 2629 423 2701 atque
443 2621 520 2683 ratio
543 2619 663 2682 tandem
685 2620 810 2682 iudicari
825 2619 926 2702 possit.
965 2621 1040 2684 Nam
1057 2639 1149 2703 quum
1173 2637 1252 2684 anno
1275 2619 1364 2682 huius

219 2722 331 2786 saeculi
346 2721 451 2784 Petrus
467 2720 594 2800 Elmsley
610 2719 742 2782 codicem
755 2720 909 2800 Sophoclis
922 2719 1155 2784 laurentianum
1170 2719 1364 2782 bibliothecae

218 2821 405 2883 Florentiuae
426 2819 519 2900 plutei
540 2817 705 2896 xxx11,9‚
735 2819 787 2899 qui
809 2826 930 2882 notatur
952 2819 1009 2894 La,
1037 2819 1180 2899 scriptum
1208 2819 1240 2880 in
1268 2838 1368 2890 mem-2

219 2919 319 2982 branis
342 2919 460 2980 saeculo
477 2917 590 2980 decimo
613 2918 660 2980 vel
681 2918 806 2981 ineunte
827 2918 984 2980 undecimo
1000 2918 1167 2981 accuratius
1190 2917 1364 2979 contulisset

220 3026 250 3078 ct
272 3016 365 3078 Cobet
385 3016 543 3080 Batavus
534 3034 566 3077 rn
588 3016 722 3078 oratione
745 3017 780 3078 de
803 3025 868 3078 arte
889 3017 1120 3098 interpretandi,
1147 3016 1240 3096 lugd.
1265 3016 1363 3077 Romu.

223 3114 313 3191 1817,
336 3116 459 3178 unicum
482 3133 550 3178 eum
567 3115 723 3196 Sophoclei
746 3123 902 3178 contextus
924 3117 1040 3178 fontem
1063 3136 1129 3179 csse
1153 3115 1363 3192 contendisset,

220 3217 328 3279 mirum
352 3224 496 3297 quantum
520 3213 643 3278 excitata
666 3223 738 3279 sunt
760 3215 857 3277 studia
879 3235 924 3276 vv.
940 3216 989 3276 dd.
1008 3216 1046 3278 ad
1068 3216 1303 3296 perspiciendam
1326 3216 1363 3277 li-

218 3315 340 3380 brorum
357 3315 590 3394 Sophoclcorum
613 3315 770 3376 rationem.
808 3316 905 3395 Atque
920 3315 1036 3394 primus
1051 3315 1171 3395 quidem
1187 3315 1221 3377 G.
1237 3315 1367 3377 bindort

219 3434 234 3476 a
257 3413 422 3476 Friederico
445 3411 601 3476 liuehnero
624 3412 809 3493 impetravit,
836 3422 871 3475 ut
892 3412 1003 3476 librum
1026 3415 1124 3477 denuo
1146 3415 1364 3480 accuratissime

120 3581 123 3586 ,
220 3512 377 3574 conferret.
422 3513 488 3586 Quo
510 3511 615 3574 collato
637 3511 781 3575 batavum
803 3521 923 3576 secutus
952 3532 1057 3576 omnes
1084 3513 1136 3594 qui
1164 3521 1282 3577 exstant
1305 3513 1362 3575 So-

219 3611 359 3692 phoclecs
373 3609 465 3672 hbrcs
481 3628 572 3672 manu
586 3610 712 3691 scriptos
728 3610 918 3674 laurentiani
941 3631 1031 3693 quem
1047 3613 1174 3676 diximus
1197 3613 1363 3693 apographa

219 3729 286 3772 esse
308 3708 427 3781 statuit,
457 3726 584 3788 quorum
606 3717 724 3789 praeter
746 3709 861 3772 codices
884 3710 1080 3773 Triclinianos
1106 3710 1174 3772 duc'
1187 3729 1295 3790 genera
1317 3711 1363 3772 di-

217 3809 331 3881 stinxit,
353 3807 409 3870 alia
430 3806 597 3885 antiquiora
620 3814 650 3868 et
671 3826 746 3888 quae
772 3809 893 3888 propius
916 3809 952 3872 ad
976 3809 1107 3872 codicem
1128 3809 1363 3874 Laurentianum

218 3909 370 3982 accedant,
392 3906 604 3998 Parisinunn.
621 3905 714 3982 2712,
738 3907 808 3987 sigla
825 3907 847 3969 d
865 3915 1010 3982 notatum,
1032 3908 1141 3970 saeculi
1161 3909 1241 3970 tertii
1257 3911 1363 3974 decimi

219 4019 249 4072 et
262 4008 468 4070 Florentinum
491 4023 519 4067 n.
538 4003 631 4077 2725,
649 4007 687 4080 Γ,
710 4007 819 4070 saeculi
842 4007 939 4087 quarti
955 4007 1063 4069 decimi
1086 4016 1115 4068 et
1130 4006 1361 4072 laurentianum

219 4108 310 4189 plutei
332 4103 577 4179 xxx1,10‚tb,
600 4105 709 4168 saeculi
731 4107 828 4186 quarti
859 4106 979 4180 decimi,
1007 4106 1062 4169 alia
1084 4108 1257 4170 recentiora.
1303 4109 1361 4172 Sed

219 4225 308 4287 quem
331 4206 396 4287 ipse
421 4222 555 4268 summae
588 4204 620 4266 in
652 4205 838 4268 restituendo
869 4214 974 4286 poetae
1008 4213 1148 4269 contentu
1179 4208 1361 4270 auctoritatis

218 4305 345 4368 habebat
365 4303 496 4365 codicem
512 4303 681 4384 quingentis
705 4305 768 4365 fere
788 4302 860 4368 lucis
876 4305 1011 4368 deserere
1026 4314 1146 4369 coactus
1169 4313 1215 4368 est
1235 4315 1265 4368 et
1287 4325 1362 4387 apo-

218 4404 398 4484 graphorum
423 4421 499 4483 quae
527 4403 650 4466 vocabat
676 4403 818 4467 lectiones
846 4405 1005 4484 praeferre.
1050 4405 1153 4485 Neque
1176 4405 1241 4468 eius
1263 4425 1361 4468 assec-

218 4512 295 4566 tator
321 4510 410 4582 atque
442 4501 516 4564 adeo
550 4502 706 4583 castigator
737 4503 954 4566 inconstantiae
977 4503 1181 4566 ltindcrfianae
1204 4504 1361 4567 Mauricius
