3248 5142
734 407 954 476 „12-

275 591 350 652 ilum
375 597 473 652 autem
497 590 528 651 in
551 581 874 670 explicando'genetivo
897 591 1012 669 γενεᾶς
1033 592 1112 654 unde
1128 597 1215 672 aptus
1238 593 1277 655 sit
1291 593 1416 656 haerent

275 709 320 750 vv.
343 689 404 762 dd,
434 687 506 769 quid
533 687 589 750 sibi
612 687 681 750 velit
703 690 857 768 genetivus
886 691 1006 770 pluralis
1033 688 1220 774 ὒισοφιδάν
1248 692 1335 772 plane
1361 709 1417 754 ne·

274 787 438 869 glexerunt.
483 787 557 849 Nam
580 786 631 868 qui
653 797 727 850 suut
748 785 946 869 Sisyphides?
978 789 1133 871 Sisyphus,
1161 789 1299 866 Glaucus,
1322 787 1416 853 helle·

275 887 447 968 rophontes‚
474 903 603 968 quorum
625 901 724 968 noque
746 887 873 950 Glaucus
896 904 993 968 neque
1014 889 1211 969 Bellerophon
1233 889 1347 951 fallacia
1369 891 1417 952 in·

273 988 369 1048 fames
392 993 490 1059 eraut,
519 986 580 1048 imo
608 1003 678 1048 vero
707 986 756 1048 hic
777 986 866 1049 rebus
897 989 1046 1068 praeclare
1073 988 1180 1066 gestis,
1208 987 1256 1051 ille
1277 987 1417 1062 uolente,

274 1106 365 1167 quam
393 1084 430 1146 ab
459 1085 543 1166 equis
572 1085 700 1148 efferetis
722 1086 851 1166 accepit,
879 1095 976 1149 morte
1004 1087 1237 1149 celebrabantur.
1282 1086 1418 1168 Sisyphi·

274 1187 379 1249 darum
413 1183 505 1266 igitur
537 1201 627 1263 gens
658 1184 772 1264 perdita
799 1184 856 1246 dici
886 1183 1040 1266 conquir
1068 1179 1166 1266 neque
1194 1201 1320 1266 usquam
1349 1185 1417 1250 alibi

273 1285 350 1349 dicta
372 1293 417 1349 est
438 1301 537 1366 neque
559 1282 595 1346 ab
619 1283 678 1346 ullo
701 1283 757 1346 alio
779 1285 923 1366 scriptore
944 1286 1067 1366 pluralis
1094 1283 1276 1370 Ctoupldae
1299 1303 1415 1348 memo·

271 1391 362 1447 ratur.
400 1385 517 1446 Ananim
540 1383 610 1446 inde
633 1383 670 1445 ab
693 1384 832 1456 Homero,
856 1384 1080 1457 iuvantur,
1102 1385 1185 1447 solus
1199 1385 1251 1466 qui
1265 1385 1417 1448 ferebatur

273 1485 417 1565 Sisyphus
446 1483 531 1564 quasi
553 1482 704 1562 exemplar
727 1482 876 1544 fraudium
898 1482 1071 1558 habebatur,
1099 1484 1139 1545 ita
1162 1482 1282 1564 quidem
1305 1491 1339 1545 ut
1360 1484 1416 1544 ho-

273 1583 369 1644 mines
396 1581 508 1643 versuti
534 1588 623 1662 atque
652 1580 742 1642 astuti
764 1580 882 1661 Sisyphi
910 1582 1054 1644 nominati
1083 1582 1157 1655 siut,
1184 1593 1217 1644 ut
1240 1580 1416 1664 Dercyllidas

271 1680 521 1744 Lacedaemonius
548 1713 592 1724 -·
618 1673 700 1761 ἀνὴρ
729 1676 836 1742 δοκῶν
865 1681 952 1742 εἶναι
985 1677 1076 1762 μάλα
1108 1681 1327 1764 μηχανητικός
1359 1677 1415 1744 καὶ

271 1776 465 1843 ἐπεκαλεῖτο
492 1778 650 1862 cleopae,
674 1777 810 1858 Xenoph.
833 1779 948 1841 Hellen.
964 1779 1057 1853 lusu,
1074 1777 1101 1843 8.
1142 1780 1332 1855 Quinetiam
1347 1782 1415 1863 qui-

271 1881 314 1942 vis
343 1881 434 1943 homo
454 1879 663 1942 fraudulentus
685 1877 838 1958 Sisyphus,
868 1877 935 1941 mali
958 1873 1104 1942 Corinthii
1126 1877 1264 1960 Sisyphi,
1295 1879 1332 1941 ci.
1355 1879 1416 1942 lle·

271 1979 362 2060 sychii
384 1997 448 2041 voc.
474 1977 632 2060 Οίσνφος,
660 1974 848 2060 deceptore,
875 1977 1107 2058 appellabantur.
1151 1979 1236 2041 ilino
1249 1977 1359 2051 Ulixes,
1381 1986 1416 2040 ut

270 2080 327 2140 iarn
343 2079 375 2140 iu
391 2079 521 2158 Odyssea
537 2077 671 2158 Autolyci
685 2075 817 2140 hominis
831 2077 1010 2140 furacissimi
1025 2097 1130 2160 nepos,
1147 2077 1220 2152 XIX,
1232 2095 1277 2140 rr.
1291 2077 1414 2160 394sq.‚

206 2183 210 2192 '
271 2185 390 2258 postero
427 2184 562 2258 tompore
596 2177 712 2258 Sisyphi
744 2175 876 2239 hominis
909 2177 1090 2240 fallacissimi
1122 2179 1199 2240 iilius
1231 2177 1327 2240 dictus
1360 2186 1413 2242 est.

270 2275 361 2338 Recte
394 2275 484 2356 igitur
511 2282 600 2356 poeta
627 2277 664 2338 dc
687 2275 852 2356 Sisyphida,
883 2293 1069 2358 nequaquam
1093 2296 1164 2339 vero
1191 2277 1229 2338 de
1251 2276 1414 2357 Sisyphidis

270 2375 351 2456 loqui
382 2374 479 2455 potuit
512 2391 610 2454 neque
637 2370 733 2455 χενεά
754 2374 812 2436 hoc
841 2375 906 2436 loco
930 2375 1078 2456 degente
1105 2375 1335 2452 intellegendum
1359 2381 1413 2446 cst,

270 2477 322 2538 sed
345 2475 381 2537 da
401 2492 537 2554 genere
562 2474 608 2535 vel
631 2473 755 2553 origiue.
800 2474 1026 2555 Peropportune
1048 2473 1137 2553 igitur
1159 2472 1248 2534 schol.
1273 2471 1414 2535 bauain

269 2573 414 2655 principio
435 2569 633 2634 adnotationis
656 2569 691 2634 ad
714 2572 741 2633 h.
759 2589 785 2633 v.
808 2572 967 2634 lectionem
993 2568 1161 2653 Geooptde
1175 2569 1253 2632 haud
1277 2570 1364 2634 dubie
1378 2589 1414 2633 er

270 2669 453 2755 Οισοφίδας
474 2670 570 2734 lorma
586 2671 688 2733 Dorica
711 2690 764 2752 pro
786 2667 969 2754 Οισοφίδης
987 2668 1138 2749 aptissima
1154 2669 1278 2731 carmini
1293 2669 1413 2733 chorico

270 2779 365 2836 ortam
387 2771 517 2834 tradidit.
562 2769 701 2852 Legimus
722 2771 815 2851 igitur
837 2789 904 2833 cum
927 2769 1089 2849 Hartuugio

370 2914 390 3002 ἢ
413 2916 471 2992 τᾶς
493 2913 621 2982 ἀσώτου
644 2916 799 3002 Οισοφίδ
806 2940 850 2991 ας
870 2915 995 2994 χενεάς,

269 3079 299 3138 h.
330 3097 356 3138 e.
391 3076 453 3139 ‘ool
478 3075 593 3158 Sisyphi
621 3077 702 3158 filiun
729 3073 862 3158 perditor
892 3075 973 3137 illatos
1006 3074 1149 3155 νήριτα.
1192 3075 1351 3140 Genetivus
1379 3095 1412 3138 ea

269 3176 484 3256 significatione
517 3195 606 3257 quam
635 3175 724 3238 statui
746 3193 807 3236 non
838 3175 971 3236 offendit.
1017 3174 1074 3248 Qui
1107 3191 1200 3254 quum
1232 3173 1272 3238 sit
1304 3194 1411 3237 casus

270 3275 501 3338 substantivi
517 3274 733 3337 deliniendi
747 3270 936 3335 latissime
950 3281 1099 3353 patens,
1114 3272 1151 3334 cl.
1170 3273 1412 3346 lluebschmanu‚

269 3375 306 3436 de
329 3390 452 3437 casuum
474 3374 608 3436 doctriua
630 3391 679 3454 pp.
698 3372 814 3451 110sq.
838 3380 868 3434 et
892 3370 953 3432 134
965 3391 1020 3450 sq„
1047 3369 1189 3432 audacius
1215 3389 1250 3432 oo
1272 3372 1320 3435 usi
1342 3381 1414 3434 sunt

268 3483 373 3553 poetae
396 3473 507 3535 Graeci.
549 3473 615 3552 lpse
638 3472 718 3533 enim
742 3470 904 3550 Sophocles
926 3487 1016 3533 ausus
1037 3476 1083 3530 est
1105 3468 1203 3532 dicere
1224 3467 1303 3544 ναὸς
1323 3465 1412 3555 ἄριοι

268 3569 320 3652 pol
339 3570 396 3655 τῆς
414 3573 562 3643 Αἴαντος
582 3570 720 3648 γενεᾶς
734 3567 884 3648 χθονίων
906 3564 968 3631 ἀπ’
986 3564 1220 3652 Ἐρεχθειδῶν,
1236 3570 1280 3632 ui.
1296 3587 1322 3631 a.
1339 3570 1411 3645 202,

270 3669 306 3732 ci.
329 3669 465 3751 Seytlerti
487 3671 595 3740 adnot,
625 3668 677 3748 qui
699 3669 869 3747 genetivum
891 3669 923 3730 iu
946 3668 1110 3732 Nauekium
1133 3669 1274 3731 defendit.
1319 3669 1410 3731 Poeta

269 3778 370 3832 autem
404 3788 463 3851 quo
495 3766 683 3848 perditam
719 3767 794 3832 Ulixi
821 3768 964 3850 originem
992 3769 1109 3848 gravius
1132 3776 1221 3850 atque
1244 3767 1410 3847 expressius

268 3869 428 3931 verborum
450 3865 643 3928 collocatione
664 3866 851 3947 significaret,
874 3858 1097 3931 attributionem
1119 3866 1177 3940 τάς
1192 3861 1321 3928 ἀσώτου
1337 3866 1411 3927 sub-

267 3967 394 4029 stantivo
427 3963 540 4042 γενεᾶς
572 3967 745 4045 praeposuit
784 3968 959 4048 interposito
1000 3965 1182 4030 nominativo
1226 3963 1411 4046 ceroptata<

268 4066 425 4130 verborum
448 4065 784 4143 transgressionum,
816 4084 905 4147 quam
928 4065 1086 4147 inprimis
1109 4064 1187 4146 apud
1206 4063 1410 4145 Thucydidem

269 4174 299 4228 et
323 4163 433 4245 ‘poetas
466 4161 643 4226 invenimus.
695 4165 738 4227 lta
766 4165 848 4228 Plato
881 4183 1000 4247 quoque
1033 4171 1138 4226 nostro
1165 4161 1317 4226 simillimo
1344 4165 1409 4228 loco

269 4264 357 4326 verba
385 4261 533 4324 codacarit
559 4264 596 4325 de
621 4283 655 4326 re
682 4262 762 4345 publ.
791 4283 820 4344 p.
837 4265 896 4326 401
914 4265 961 4325 B.:
995 4256 1049 4344 ἆρ’
1075 4255 1135 4325 οὖν
1157 4272 1229 4337 τοῖς
1250 4273 1409 4347 ποιηταῖς

268 4355 349 4445 ἡμῖν
381 4358 618 4445 ἐπιστατητέον
650 4363 706 4424 καὶ
729 4363 1040 4445 προσαναγκαστέον
1065 4360 1124 4445 τὴν
1152 4363 1220 4426 τοῦ
1248 4353 1410 4441 ἀγαθοῦ

269 4457 410 4525 εἰκόνα
426 4456 560 4622 8idoare
581 4460 737 4546 ἐμποιεῖν
758 4469 829 4534 τοῖς
843 4455 1031 4543 ποιήμασιν
1041 4471 1109 4537 etc,
1125 4469 1154 4524 et
1168 4463 1231 4543 ipse
1247 4463 1409 4544 Sophocles

270 4559 303 4620 0.
327 4561 360 4623 u.
385 4579 410 4622 v.
447 4561 489 4623 02
500 4579 544 4642 sq.
