3248 5142
766 417 985 479 ..4ο-

304 604 523 676 pretamentum
556 613 622 656 esse
654 592 768 674 antiqui
798 592 878 655 verbi
900 603 1014 674 poetae,
1044 593 1123 674 quod
1149 593 1246 674 primo
1268 591 1364 654 verbis
1386 593 1439 653 ad·

304 694 447 775 scriptum
476 695 520 756 vel
546 693 770 773 interscriptum
798 699 867 773 pest
892 693 924 754 iu
947 691 1105 754 verborum
1132 699 1305 754 contextum
1327 691 1439 754 illatum

303 801 358 856 est.
401 792 489 855 Facili
510 793 601 872 igitur
623 792 785 855 mutatione
807 791 963 854 'l'tielinius
989 793 1062 864 νέος
1085 791 1303 854 restituendum
1327 790 1440 866 statuit,

181 919 184 924 ·
304 893 357 954 sed
388 893 444 954 boe
475 892 650 954 adiectivum
683 909 776 972 quum
807 891 1011 971 responsionis
1043 890 1157 970 legibus
1188 887 1243 969 per
1277 890 1440 971 syniaesem

304 1010 391 1072 quam
425 1001 532 1054 roeant
563 990 819 1072 pronuntiandum
843 991 893 1062 sit,
926 990 957 1051 in
987 989 1064 1052 tbesi
1091 989 1221 1070 positum
1251 988 1336 1050 nulla
1358 989 1385 1049 vi
1408 1007 1442 1051 ac

304 1090 443 1169 gravitate
471 1089 567 1152 verbis
599 1083 685 1173 γήρᾳ
713 1091 884 1173 σημαίνων
915 1089 1083 1170 opponitur.
1128 1089 1194 1162 Quo
1221 1087 1332 1150 accedit
1361 1085 1440 1168 quod

303 1189 360 1252 adi.
382 1189 454 1262 νέος
476 1207 595 1270 semper
616 1188 652 1251 ab
675 1188 815 1250 omnibus
837 1189 888 1269 qui
911 1187 1021 1250 Graece
1041 1187 1239 1268 loquebantur
1266 1195 1328 1248 tam
1356 1186 1441 1248 facile

302 1286 535 1367 intellegebatur,
570 1295 602 1350 ut
634 1304 724 1349 nemo
757 1287 787 1348 id
819 1306 872 1367 per
900 1283 1016 1368 νεαρός
1038 1287 1182 1366 explicare
1202 1285 1336 1347 voluerit
1379 1283 1439 1347 tur

302 1387 392 1466 igitur
413 1386 583 1449 emendatio
611 1387 799 1466 excogitanda
827 1393 880 1448 est
925 1385 985 1448 Sed
1014 1386 1123 1448 nubum
1152 1403 1271 1466 quoque
1293 1395 1338 1446 est
1361 1385 1439 1465 qnod

302 1485 479 1565 pronomine
515 1493 622 1548 neutro
658 1480 695 1547 τό
732 1485 768 1548 ad
806 1479 933 1565 φύλλον
968 1484 1109 1558 retertur,
1145 1503 1236 1565 quum
1272 1492 1373 1546 tamen
1408 1484 1440 1544 in

302 1584 437 1664 proxime
470 1583 664 1665 sequentibus
698 1584 734 1645 de
766 1584 840 1646 olira
873 1585 935 1664 ipsa
969 1584 1068 1664 potius
1096 1603 1185 1664 quam
1213 1583 1249 1644 de
1277 1583 1342 1644 eius
1369 1582 1439 1644 lolio

303 1683 390 1746 rerba
411 1678 550 1746 ἀλοοὶσεκ
571 1682 642 1764 χερὶ
664 1685 789 1766 πέρσας
810 1684 1026 1764 praedicentur.
1070 1685 1145 1748 tum
1168 1701 1335 1765 pronomen
1356 1682 1439 1744 inde-

302 1782 419 1845 finitum
446 1785 496 1856 alc
523 1802 576 1864 per
602 1783 872 1862 transgressionem
899 1783 1046 1864 quandam
1068 1784 1116 1846 hic
1137 1783 1270 1864 positum
1292 1791 1338 1845 est
1360 1791 1440 1844 tanta

303 1882 330 1942 vi
353 1901 386 1943 ae
414 1883 562 1962 gravitate,
599 1891 632 1945 ut
665 1882 751 1945 verba
783 1883 892 1944 tradita
926 1884 1067 1947 vertenda
1099 1884 1176 1946 sint:
1213 1882 1296 1964 ‘qood
1327 1883 1441 1964 quidem

302 1985 449 2062 quisquam
478 1999 566 2062 acque
592 1983 700 2042 iuuenta
722 2001 809 2063 raeque
829 2001 918 2046 senen
943 1986 1100 2063 imperator
1121 1979 1303 2062 eesttnqmt‘.
1343 1982 1438 2055 Quam

302 2080 483 2142 sententiam
524 2081 556 2144 iu
594 2091 764 2142 contextum
803 2099 864 2144 nen
908 2082 1053 2163 quadrare
1088 2102 1141 2162 per
1176 2101 1209 2144 se
1250 2081 1438 2162 intellegitur.

302 2179 523 2242 Tantummodo
546 2179 627 2242 enim
650 2179 827 2261 requiritur:
863 2189 973 2261 ‘quoae
996 2182 1059 2243 scil.
1083 2181 1198 2254 olivam,
1220 2201 1309 2264 aeque
1330 2184 1440 2244 iuuem‘e

300 2297 389 2358 aeque
410 2297 498 2342 socen
518 2282 673 2360 imperator
693 2278 876 2360 eauiaguet’.
912 2279 1007 2344 Facile
1028 2280 1118 2361 igitur
1133 2281 1265 2344 Triclinii
1287 2281 1438 2344 coniectu-

300 2395 364 2438 ram
391 2378 561 2457 probaveris
591 2398 606 2440 a
630 2379 760 2441 Nauekie
787 2389 935 2461 receptam
966 2379 1036 2444 τάν
1058 2375 1102 2442 οὔ
1124 2402 1194 2454 τις.
1239 2383 1320 2455 Quae
1350 2379 1437 2442 verba

301 2496 393 2558 quum
413 2479 617 2557 respondeant
639 2479 843 2559 antistrophae
865 2478 954 2540 verbo
978 2469 1159 2561 πράταοσο,
1183 2480 1292 2542 desunt
1312 2478 1438 2560 syllabae

301 2575 434 2656 quinque
456 2585 622 2656 temporum
645 2578 736 2640 etita
759 2585 793 2639 ut
814 2576 889 2640 duae
915 2576 1019 2656 leugae
1047 2585 1135 2657 atque
1158 2596 1216 2640 una
1239 2576 1337 2640 brevis
1360 2578 1438 2641 desi-

301 2673 453 2735 derentur.
506 2675 585 2748 Quas
624 2685 655 2738 ut
691 2677 821 2757 expleret
855 2676 934 2737 idem
968 2676 1082 2739 Ritsehl
1114 2696 1143 2757 p.
1165 2677 1226 2738 t'ltt
1263 2677 1437 2740 adiectivum

301 2768 440 2854 ἀκμαῖος
472 2774 600 2837 inseruit
633 2784 663 2837 et
695 2776 731 2837 ab
760 2775 831 2837 Allr.
862 2775 1010 2837 Schoenio
1042 2793 1097 2855 pro
1129 2768 1216 2860 γήρᾳ
1250 2775 1436 2857 participium

300 2868 400 2954 γηράς
433 2873 534 2935 aoristi
557 2873 638 2936 verbi
668 2869 820 2956 γηράσκω
850 2874 970 2954 recepit,
1000 2891 1054 2953 pro
1084 2875 1238 2956 participio
1269 2869 1437 2958 σημαίνων

301 2971 517 3033 substantivum
541 2972 731 3035 llomerieum
755 2967 929 3056 σημάκοαρ
955 2972 1118 3035 substituit.
1163 2974 1263 3048 ‘Quod
1286 2974 1366 3036 enim
1389 2993 1437 3036 re·

301 3071 430 3152 quiritur
450 3072 508 3134 boc
529 3080 584 3146 est,
614 3091 675 3135 neu
704 3081 737 3134 ut
757 3073 817 3133 sive
837 3071 952 3133 iuuenis
974 3071 1035 3133 sive
1061 3089 1149 3135 senex
1173 3073 1286 3137 dicatur
1308 3073 1357 3154 qni
1380 3073 1437 3135 im·

300 3180 395 3248 peret,
424 3170 474 3231 sed
503 3180 535 3232 ut
563 3171 726 3252 imperator
754 3171 814 3233 sive
843 3169 869 3232 is
893 3169 1009 3232 iuvenis
1033 3179 1079 3232 est
1103 3179 1134 3233 ut
1154 3171 1211 3234 lum
1233 3173 1355 3246 Xerxes,
1377 3172 1439 3234 sire

299 3285 390 3330 senex
414 3277 446 3331 ut
469 3269 686 3333 Archidamus'.
731 3270 802 3350 Legi
823 3269 914 3348 igitur
934 3269 1023 3332 iussit

400 3387 437 3450 τὸ
460 3384 520 3472 μέν
540 3413 591 3463 τις
612 3387 789 3474 ἀκμαῖος
812 3385 887 3451 οὔτε
907 3387 1022 3471 γηράς

400 3485 612 3572 σημάντωρ
635 3485 770 3553 &tedae
792 3486 862 3570 χερὶ
885 3483 1023 3571 πέρσας,

299 3644 375 3706 quae
402 3625 616 3708 interpretatus
643 3636 703 3690 est:
738 3627 833 3710 ‘quod
868 3628 926 3692 dux
960 3628 1059 3691 nullus
1089 3628 1219 3704 hostilis,
1252 3630 1312 3692 sive
1345 3630 1370 3692 is
1404 3639 1438 3690 ut

300 3723 411 3788 Xerxes
440 3725 602 3789 iuventutis
630 3727 736 3790 robore
765 3728 954 3808 superbiens,
982 3729 1043 3790 sive
1070 3737 1155 3792 exuta
1184 3729 1301 3791 iuvenili
1328 3728 1436 3792 ferocia

298 3825 448 3904 propriam
490 3826 650 3888 senectutis
682 3827 852 3906 gravitatem
885 3827 1150 3908 auctoritatemque
1194 3835 1370 3890 consecutus
1404 3836 1437 3890 ut

298 3921 491 3986 llrcbidamus
516 3943 646 4006 uuquam
670 3925 858 4005 exstinguet‘.
903 3927 947 3990 lu
970 3946 1059 4010 quem
1082 3945 1168 3990 usum
1192 3926 1247 3988 adi.
1293 3919 1436 4008 ἀκμαῖος

300 4020 359 4083 duo
382 4042 418 4083 ex
439 4021 581 4105 Aeschylo
604 4026 738 4107 exempla
760 4025 876 4088 confert
897 4025 979 4090 Pers.
997 4046 1021 4088 v.
1039 4025 1097 4088 441

400 4145 536 4227 Περσῶν
558 4139 698 4229 ὅσοιπερ
721 4139 806 4228 ἦσαν
828 4141 965 4228 ἀκμαῖοι
988 4143 1089 4230 φύσιν

300 4273 329 4324 et
351 4265 476 4329 Eumen.
491 4288 518 4329 u.
535 4269 596 4331 405
619 4265 737 4342 κώλοις
758 4261 914 4346 ἀκμαίοις
935 4261 1025 4330 τόνδ’
1047 4259 1239 4336 ἐποζούξασ’
1262 4261 1348 4344 ὄχον.

383 4367 421 4429 m
453 4362 540 4450 ἀκμή
572 4385 664 4446 quum
693 4366 812 4447 proprie
840 4383 1009 4438 acumen,
1044 4371 1107 4425 tum
1141 4365 1249 4426 tralata
1281 4364 1436 4427 maturi·

300 4471 413 4526 tatem
447 4465 552 4528 aetatis
586 4465 704 4546 llerjdae
737 4473 766 4527 et
799 4465 939 4527 robustae
970 4462 1123 4542 signifieat,
1156 4481 1216 4526 uon
1248 4464 1434 4526 iuventutem

299 4563 393 4642 ipsam
421 4583 536 4644 perse,
559 4557 654 4650 ἢβκμ,
682 4565 827 4628 senectuti
857 4564 1031 4645 oppositam.
1082 4565 1183 4645 ltaque
1209 4564 1349 4646 adiectivo
1376 4558 1435 4626 ἀκ-
