3248 5142
757 406 979 470 ..32-

397 571 467 654 ἀνῶ
489 575 579 652 ξένος
600 576 662 662 μέν
682 580 742 644 τοῦ
764 579 865 658 λόγου
886 575 979 646 τοῦδ’
1002 579 1115 665 δξερῶ,

396 672 486 750 ξένος
507 673 546 738 δέ
566 680 625 740 τοῦ
646 681 865 762 πραχθέντος.
909 674 947 746 οῦ
969 681 1031 766 γάρ
1053 679 1095 746 ἄν
1116 681 1244 767 μακράν

397 776 528 854 ἴχνευον
549 771 647 851 οάτὸς
669 773 727 842 οῦκ
749 775 833 859 ἔχων
853 803 887 843 τι
909 777 1087 863 σύμβολον.

394 873 453 938 νῦν
474 869 519 950 δ’,
542 869 676 960 ὕστερος
697 869 764 962 γάρ
785 874 884 954 ἀστὸς
906 880 954 954 εἷς
975 877 1095 956 ἀστοάς
1115 877 1207 962 τελῶ,

394 967 475 1057 ῦμτν
496 976 669 1058 προφωνῶ
689 977 775 1040 πᾶσι
802 977 983 1062 Καδμείοις
1004 979 1100 1044 τάδε·

394 1067 488 1147 ὅστις
508 1070 597 1139 ποθ’
620 1069 710 1157 ῦμῶν
735 1072 848 1142 Λάιον
868 1077 927 1142 τὸν
950 1075 1137 1160 Λαβδάκου

394 1167 547 1240 κάτοιδεν
568 1165 691 1260 ἀνδρὸς
713 1173 748 1238 ἐκ
768 1179 858 1251 τίνος
880 1173 1031 1254 διείλετο,

395 1273 511 1337 τοῦτον
532 1269 653 1338 κελεῦω
676 1269 790 1340 πάντα
812 1279 987 1359 σημαίνειν
1009 1274 1099 1359 έμοί·

393 1371 446 1434 κελ
467 1369 527 1454 μὲν
548 1375 719 1457 φοβείται,
741 1368 942 1458 τοάπίκλημ’
963 1367 1131 1450 δπεξελῶν

395 1465 492 1546 αῦτδς
514 1467 595 1536 καθ’
619 1467 720 1539 αῦτοῦ
740 1492 799 1518 -·
822 1477 977 1538 πείσεται
997 1466 1065 1559 γάρ
1086 1473 1170 1541 ἄλλο
1191 1473 1252 1560 μέν

394 1565 547 1655 ἀστερχὲς
569 1567 666 1637 οὐδέν
686 1611 741 1648 -,
763 1574 822 1656 χής
844 1569 880 1636 δ’
902 1570 1041 1638 ἄπεισιν
1062 1569 1225 1658 ἀσφαλής.

394 1669 426 1732 ιλ
447 1665 480 1734 δ’
502 1666 546 1734 αὖ
567 1693 617 1746 τις
639 1667 742 1738 ἄλλον
764 1669 855 1736 ολδεν
876 1670 913 1744 ἐξ
933 1669 1036 1757 ἄλλης
1055 1671 1190 1753 χθονός,

394 1765 452 1834 τὸν
474 1765 649 1854 αῦτοχείρα
671 1768 714 1855 μή
738 1767 916 1835 σιωπάτω·
948 1770 986 1835 τὸ
1009 1769 1071 1855 γάρ

392 1860 506 1948 κέρδος
526 1867 608 1932 τελῶ
625 1864 684 1947 ’χώ
705 1864 746 1954 χη’
766 1867 862 1952 χάρις
883 1872 1128 1952 προσκείσεται.

316 2027 318 2032 .
393 1965 425 2028 εί
446 1961 478 2029 δ’
501 1961 544 2030 αὖ
566 1965 798 2051 σιωπήσεσθε,
821 1971 878 2032 καί
899 1991 950 2043 τις
971 1965 992 2053 ἢ
1014 1966 1113 2052 φίλου

394 2062 508 2139 δείσας
529 2061 662 2130 ἀποίσει
684 2062 809 2142 τοῦπος
830 2065 851 2152 ἢ
871 2063 993 2147 χαῦτοῦ
1013 2066 1101 2144 τόδε,

393 2161 434 2227 ἀκ
454 2161 559 2230 τῶνδε
580 2161 705 2248 δράσω,
728 2166 832 2232 ταῦτα
852 2164 912 2250 χρή
936 2163 1045 2232 κλάειν
1066 2167 1158 2250 ἐμοῦ.
1260 2249 1266 2258 ι

392 2261 450 2328 τὸν
471 2256 569 2346 ἄνδρ’
592 2260 733 2330 ἀπαυδῶ
755 2263 879 2341 τοῦτον,
903 2259 995 2340 ὅστις
1015 2264 1099 2342 ἐστί,
1122 2267 1181 2350 γής

392 2359 503 2447 τῆσδ’,
526 2349 566 2448 ής
587 2361 650 2441 ένῶ
674 2361 775 2451 κράτη
797 2363 911 2430 τεκαὶ
933 2362 1079 2449 θράνους
1099 2367 1200 2448 νέμω,

392 2457 470 2546 μήτ’
492 2461 708 2543 εἰσδέχεσθαι
730 2459 812 2548 μήτε
833 2474 1049 2548 προσφωνεῖν
1069 2461 1155 2541 τινά,

393 2555 472 2645 μήτ’
494 2559 531 2626 δν
552 2562 643 2628 θεῶν
665 2558 797 2643 εάχατσι
818 2560 903 2647 μηδὲ
924 2560 1078 2646 θύμασιν

392 2658 506 2726 κοινδν
526 2665 722 2738 ποιεῖσθαι,
745 2660 826 2747 μήτε
847 2664 998 2748 χέρνιβος
1020 2664 1147 2744 νέμειν·

394 2757 500 2825 ἀθείν
521 2753 556 2824 δ’
578 2755 642 2824 ἀπ’
667 2763 768 2828 οἴκων
787 2758 925 2842 πάντας,
949 2758 991 2836 ῶς
1012 2761 1200 2846 μιάσματος

391 2856 485 2926 τοῦδ’
507 2855 587 2945 ήμλν
609 2857 714 2937 ὄντος,
738 2856 781 2936 ῶς
801 2859 839 2925 τδ
863 2861 1017 2928 Πυθικὸν
1039 2862 1123 2930 θεοῦ

391 2968 548 3043 μαντεῖον
570 2953 727 3045 ἐξέφηνεν
749 2956 868 3046 ἀρτίως
889 2959 974 3045 έμοί.

392 3057 448 3125 καὶ
470 3059 575 3122 ταῦτα
595 3069 665 3135 τοῖς
687 3058 731 3145 μή
754 3059 879 3143 δρῶσιν
901 3056 1039 3144 εῦχομαι
1062 3057 1165 3135 θεοὺς

391 3153 466 3242 μήτ’
489 3155 609 3242 ἄροτον
629 3155 743 3235 αὐτοῖς
763 3161 822 3244 χής
843 3156 971 3226 ἀνιέναι
993 3158 1069 3225 τινὰ

391 3252 468 3341 μήτ’
491 3252 550 3324 οῦν
570 3259 731 3336 γυναικῶν
753 3257 890 3333 παῖδας,
913 3255 998 3324 ἀλλά
1018 3259 1065 3342 τῷ
1087 3254 1205 3342 πότμῳ

391 3355 438 3437 τῷ
458 3351 518 3422 νῦν
541 3358 753 3442 φθερεϊσθαι
776 3356 850 3422 κᾶτι
871 3354 964 3422 τοῦδ’
988 3355 1136 3438 έχθίονι·

392 3453 591 3539 κατεύχομαι
613 3454 652 3520 δὲ
672 3455 730 3522 τὸν
751 3452 942 3541 δεδρακότ’,
964 3458 1030 3520 εἴτε
1051 3478 1102 3530 τις

392 3552 440 3630 είς
462 3551 506 3620 ῶν
527 3551 668 3640 λέληθεν
690 3555 757 3619 εἴτε
778 3552 944 3622 πλειόνων
966 3556 1048 3638 μέτα

391 3651 494 3720 κακδν
514 3655 621 3730 κακῶς
641 3676 696 3721 νιν
717 3651 843 3740 ἄμορον
863 3653 1019 3740 ἐκτρῖψαι
1042 3655 1128 3736 βίον.

391 3750 575 3837 ἐπεύχομαι
598 3750 644 3834 δ’,
667 3755 811 3819 οἴκοισιν
833 3753 863 3816 εἰ
885 3751 1051 3828 ξυνέστιος

392 3845 428 3916 δν
448 3861 519 3928 τοϊς
541 3851 634 3935 έμοτς
655 3848 775 3932 γένοιτ’
798 3850 880 3936 ἐμοῦ
903 3848 1098 3926 ξυνειδότος,
1223 3899 1227 3905 -
1285 3887 1294 3902 ·

393 3954 524 4018 παθείν
545 3945 631 4035 ἀπερ
652 3947 762 4015 τοῖσδ’
785 3947 906 4035 ἀρτίως
928 3946 1108 4035 ήρασάμην.

392 4046 471 4132 ὑμῖν
492 4048 530 4114 δὲ
551 4049 654 4114 ταῦτα
677 4045 775 4118 πάντ’
798 4045 994 4134 ἐπισκήπτω
1016 4047 1136 4124 τελετν,

391 4143 475 4233 ῦπέρ
497 4144 526 4211 τ’
550 4148 702 4233 ἐμαυτοῦ,
724 4149 783 4214 τοῦ
804 4149 889 4213 θεοῦ
910 4171 957 4224 τε,
980 4144 1081 4231 τήσδέ
1101 4168 1137 4210 τε
1256 4191 1260 4196 -

391 4248 449 4330 χής
472 4240 531 4312 ὧδ’
554 4245 712 4333 ἀκάρπως
733 4244 865 4322 κάθέως
887 4246 1108 4332 ἐφθαρμένης.

392 4339 465 4410 οὐδ’
487 4346 518 4410 εἰ
538 4345 602 4431 χὰρ
623 4342 664 4431 ἦν
685 4346 722 4411 τδ
745 4346 886 4432 πρᾶχμα
907 4343 952 4430 μή
974 4341 1141 4429 θεήλατον
1244 4409 1247 4416 ,

392 4441 585 4528 ἀκάθαρτον
606 4441 690 4529 ῦμᾶς
712 4445 800 4521 είκδς
821 4441 862 4532 ήν
884 4439 987 4519 οὕτως
1007 4443 1081 4520 έᾶν,
1103 4483 1124 4525 ῃ

392 4540 512 4628 ἀνδρός
533 4540 566 4624 χ’
589 4541 724 4630 ἀρίστου
746 4545 911 4629 βασιλέως
932 4540 962 4609 τ’
985 4536 1162 4636 δλωλάτος,
