3248 5142
753 367 969 430 -50..

289 543 438 620 refecere
460 541 534 612 noli,
556 542 627 602 tolio
650 551 743 603 cotem
764 545 894 603 scientem
917 541 1104 604 edocuimus’.
1148 541 1230 613 Quae
1253 559 1342 620 quum
1366 558 1425 602 non

288 639 432 720 quadrare
453 649 606 720 appareat,
635 641 785 702 Hermann
810 649 840 702 et
861 639 907 701 alii
930 640 966 700 de
993 639 1106 702 civibus
1128 640 1232 702 Atticis
1259 639 1335 700 dicte
1362 658 1425 702 esse

288 746 470 812 statuerunt,
501 739 551 819 qui
581 757 620 800 ne
642 739 825 801 Athenarum
854 740 934 800 salus
965 739 1181 818 periclitaretur
1203 739 1239 800 de
1260 757 1294 798 re
1316 747 1427 799 secreta

287 839 399 902 celandi
421 839 556 900 luissent.
595 838 703 918 Vulgus
726 839 807 900 enim
824 857 861 900 ne
883 839 971 918 impie
993 839 1024 899 in
1045 839 1116 899 deos
1130 839 1217 900 iaciat
1233 836 1426 900 metuendum

288 959 361 1000 esse.
407 938 519 1011 Quibus
547 949 625 998 recte
649 938 776 999 Schenkl
804 938 834 999 in
857 937 997 1016 Philologi
1021 937 1076 998 vol.
1092 937 1169 998 XVll
1189 957 1217 1017 p.
1235 937 1348 1017 hllsq.
1372 955 1425 1016 op-

287 1037 395 1118 posuit,
417 1037 546 1117 primum
567 1032 628 1110 ταὶς
644 1035 834 1109 moleignon
860 1037 1022 1116 significare
1044 1033 1118 1108 τοὺς
1141 1033 1264 1118 δήμοις
1286 1036 1332 1096 vel
1353 1033 1427 1106 τοὺς

290 1133 446 1208 πολλοὺς,
470 1134 576 1196 deinde
592 1131 810 1216 καθυβρίζειν
825 1155 887 1196 non
903 1136 939 1196 de
962 1135 1089 1216 peccetis
1111 1135 1142 1194 in
1165 1135 1237 1196 dacos
1260 1133 1426 1199 commissis

287 1234 398 1295 dictum
423 1233 523 1308 luisse,
546 1235 597 1294 sed
613 1235 650 1298 dc
665 1234 823 1298 sceleribus
839 1234 1005 1308 bominum,
1028 1242 1090 1295 tum
1115 1229 1150 1294 ai
1173 1235 1288 1316 poploe
1313 1229 1427 1304 πόλεις

287 1351 349 1395 non
364 1333 441 1394 idem
460 1352 524 1394 esse
539 1341 627 1416 atque
642 1335 758 1416 μυρίαι
779 1330 903 1406 πόλεις.
932 1333 1034 1414 Neque
1050 1332 1126 1396 ullus
1142 1333 1215 1394 mihi
1231 1333 1425 1394 videturesse

286 1450 416 1508 conexus
439 1433 663 1506 sententiarum,
687 1451 761 1515 quac
777 1432 910 1494 versibus
928 1432 1008 1493 1534
1017 1451 1059 1514 sq.
1084 1443 1113 1494 et
1136 1451 1210 1512 quae
1226 1452 1275 1498 vv,
1290 1431 1370 1494 1536
1380 1451 1423 1514 sq.

286 1530 485 1592 continentur.
530 1531 604 1592 Nam
639 1549 677 1592 ne
704 1550 857 1613 quaeram,
889 1551 945 1611 qua
980 1533 1094 1593 ratione
1125 1533 1256 1594 civitates
1283 1551 1337 1612 per
1365 1531 1424 1591 vim

287 1635 405 1709 agentes
436 1630 471 1690 ab
502 1629 613 1712 Oedipo
642 1631 781 1710 appellari
811 1631 926 1711 possint
952 1631 1027 1691 benc
1056 1629 1290 1704 administratae,
1319 1631 1424 1692 incon-

287 1729 408 1790 cinnum
432 1738 478 1792 est
500 1729 610 1803 dicere,
646 1731 775 1792 civitates
808 1731 891 1792 facile
921 1749 973 1812 per
1007 1730 1065 1792 vim
1099 1748 1198 1810 agere,
1232 1724 1310 1812 quod
1344 1729 1425 1792 tarde

286 1837 402 1891 tantum
427 1829 465 1890 dii
481 1849 591 1910 poenas
614 1830 738 1908 exigant,
761 1831 786 1892 si
810 1850 866 1910 qua
889 1830 1051 1910 peccaverit
1073 1830 1105 1892 in
1129 1849 1191 1891 eos.
1229 1829 1260 1891 Si
1283 1830 1322 1891 dii
1344 1829 1425 1891 tarde

286 1927 423 2008 quidem,
451 1929 501 1990 scd
531 1929 608 1992 iuste
636 1929 766 2012 puniunt
794 1928 917 2010 impios,
948 1930 1105 2012 pleraeque
1132 1930 1264 1992 civitates
1294 1919 1424 1992 ent'eos

287 2034 451 2088 metuentes
474 2047 594 2107 peccare
617 2027 713 2089 nolint
735 2037 784 2091 aut
807 2049 899 2109 quum
922 2029 1113 2108 peccaverint,
1136 2030 1297 2091 intereunt.
1334 2028 1424 2090 llulto

287 2127 378 2208 magis
410 2127 498 2206 igitur
524 2146 578 2206 pro
605 2122 816 2209 καθύβρισαν
840 2137 1025 2209 exspectatur
1047 2122 1230 2192 sardiceno
1254 2129 1299 2190 vel
1321 2129 1424 2190 simile.

287 2225 382 2297 Quam
412 2243 479 2286 vcro
506 2225 641 2305 languide
671 2234 758 2306 atquo
789 2227 888 2307 inepte
915 2228 1140 2289 continuantur:
1177 2226 1247 2288 ‘tale
1277 2227 1362 2310 quid,
1391 2235 1422 2288 tu

286 2324 371 2403 Aegei
386 2323 435 2397 fili,
457 2324 517 2385 noli
540 2325 709 2400 admitterc3
730 2325 803 2386 haec
818 2326 936 2405 quidem
952 2327 1093 2388 scientem
1112 2326 1284 2388 edocuimus
1293 2327 1310 2385 '.
1348 2325 1420 2387 Tum

285 2421 441 2506 σπαρτῶν
464 2417 524 2484 ἀπ’
540 2418 670 2507 ἀνδρῶν
691 2423 806 2486 soloece
829 2424 940 2486 dictum
963 2433 1007 2487 est
1028 2445 1083 2508 pro
1106 2442 1162 2487 σπ.
1186 2418 1248 2488 ὑπ’
1265 2417 1296 2486 α’.
1321 2433 1349 2486 et
1370 2424 1421 2485 ad-

285 2521 478 2582 ditamentum
502 2540 604 2583 versus
623 2522 713 2584 1433.
751 2521 851 2596 Quid?
882 2523 1013 2604 Oedipus
1036 2545 1050 2586 a
1074 2523 1143 2586 solis
1169 2523 1317 2587 Thebanis
1333 2525 1421 2586 elthe-

284 2619 403 2681 nienses
426 2640 457 2683 se
481 2621 674 2694 defensurum
691 2619 887 2701 promiserit?
923 2621 987 2684 lmo
1003 2641 1071 2684 vero
1094 2625 1128 2685 ab
1144 2624 1283 2687 omnibus
1306 2641 1424 2704 semper

285 2717 432 2792 hostibus,
455 2719 623 2800 quicunque
647 2721 777 2801 impetus
793 2721 911 2793 iaciant,
935 2730 968 2783 ut
991 2742 1058 2784 vere
1079 2723 1236 2785 incolumis
1259 2723 1296 2784 sit
1319 2741 1420 2784 eorum

258 2897 260 2900 Ι
284 2817 393 2879 civitas.
438 2818 481 2880 lta
503 2817 583 2880 enirn
605 2818 668 2900 ipse
691 2819 849 2881 declaravit
870 2840 914 2882 vv.
934 2821 1086 2901 1524sqq.

385 2924 427 3002 ὥς
449 2947 504 2992 σοι
526 2927 593 3015 πρὸ
617 2929 747 2994 πολλῶν
770 2923 925 2995 ἀσπίδων
948 2929 1048 3016 ἀλκήν
1071 2927 1127 2996 ὅδε

385 3025 482 3112 δορός
504 3021 537 3090 τ’
560 3026 706 3093 ἐπακτοῦ
728 3029 882 3108 γειτονῶν
904 3027 965 3094 o’csl
987 3033 1079 3120 τιθῇ,

284 3147 314 3201 et
335 3140 466 3203 Theseus
489 3161 533 3203 vv.
552 3141 633 3204 1764
643 3162 687 3223 sq.

383 3251 438 3314 καὶ
460 3249 563 3316 ταῦτά
583 3249 619 3336 μ’
643 3251 705 3338 ἔφη
729 3249 921 3336 πράσσοντα
943 3255 1048 3329 καλῶς

382 3349 491 3435 χώραν
514 3349 596 3423 ἕξειν
618 3350 709 3415 αἰὲν
731 3349 868 3418 ἄλυπον.

283 3463 418 3544 Denique
441 3484 500 3548 quo
524 3465 611 3525 modo
634 3467 694 3545 μέν
716 3486 742 3528 ι.
761 3466 841 3528 1539
864 3467 992 3530 refertur
1013 3469 1050 3530 ad
1073 3486 1098 3528 v.
1114 3463 1182 3547 sp?

208 3561 211 3568 ’
369 3563 470 3643 Neque
494 3582 562 3625 vero
586 3565 639 3627 hae
661 3572 706 3626 tot
729 3567 913 3648 corruptelae
929 3567 1104 3630 coniecturis
1120 3565 1268 3628 emendari
1285 3571 1418 3645 possunt.

282 3660 357 3722 Nam
379 3661 536 3724 emendato
559 3653 620 3724 ὑπ’
642 3681 696 3742 pro
719 3655 780 3725 ἀπ’
802 3676 914 3726 restant
941 3666 1070 3746 reliquae
1099 3673 1129 3725 et
1159 3665 1323 3733 emendatis
1351 3662 1420 3724 reli-

283 3761 350 3840 quis
372 3769 486 3822 restant
519 3762 685 3823 sententiae
718 3782 778 3826 non
811 3766 888 3826 inter
921 3783 952 3825 so
985 3783 1122 3826 conexae.
1167 3764 1310 3826 Delendos
1332 3763 1421 3840 igitur

283 3879 387 3922 censeo
412 3879 454 3920 vv.
473 3860 648 3924 1534-38
672 3863 707 3923 ab
730 3863 923 3924 histrionibus
950 3873 1061 3925 temere
1086 3871 1224 3925 consutos
1247 3871 1276 3920 et
1298 3871 1421 3924 senten-

283 3959 391 4020 tiarum
413 3959 492 4022 inter
512 3979 545 4022 sc
567 3981 712 4024 conexum
737 3972 823 4043 atque
839 3981 1030 4043 progressum
1053 3962 1270 4044 perturbantes,
1295 3981 1321 4021 v.
1341 3959 1420 4021 1539

284 4058 373 4121 unius
395 4059 539 4122 litterulae
563 4061 745 4122 correctione
767 4061 809 4122 sic
831 4061 1016 4124 sanandum:

382 4168 505 4253 τὰμὲν
526 4167 651 4234 τοιαῦτ’
673 4167 730 4235 οὖν
752 4170 887 4246 εἰδότες
910 4170 1120 4254 διδάσκομεν.

283 4300 359 4362 Tum
382 4301 503 4363 demum
526 4301 614 4363 huius
639 4319 740 4363 versus
768 4303 829 4382 μέν
855 4312 935 4364 recte
962 4302 1123 4381 respondet
1144 4317 1246 4364 versus
1269 4302 1420 4383 sequentis

284 4397 321 4460 dt
344 4409 373 4462 et
395 4418 535 4462 versuum
560 4401 708 4461 sententia
731 4399 863 4463 absoluta
892 4411 981 4480 atque
1003 4401 1132 4481 perlecta
1160 4409 1204 4464 est
1227 4409 1260 4463 ut
1282 4419 1419 4463 versuum

286 4498 436 4579 libdsqq.
