3248 5142
672 405 889 468 „55-

315 577 416 644 οὕτω
439 603 485 665 πῃ
508 578 604 644 τάδε
625 579 656 659 7³
680 581 762 656 ἐστί,
787 579 885 662 φίλον
906 583 1007 655 τέκος,
1030 577 1075 656 οἱς
1098 577 1277 664 ἀγορεύεις,

215 705 245 757 et
271 696 431 776 Aeschylus
466 695 581 760 locutus
609 695 647 756 sit
674 695 706 756 in
733 693 813 758 Pers.
838 715 863 756 r.
888 695 946 756 1711
980 689 1025 768 ὠς
1056 689 1180 768 οὕτως
1212 691 1353 774 ἐχόντων

215 791 346 858 τῶ555

146 881 148 888 .
299 893 339 955 115
361 893 575 974 pronominum
599 885 693 965 οὗτος
715 885 825 956 51555
847 892 873 954 ri
897 911 930 956 ac
958 891 1126 955 discrimine
1156 895 1191 954 ci.
1216 892 1352 955 Kuehner

214 1011 255 1073 gr.
278 1013 320 1072 gr.
345 992 401 1054 rol.
417 992 452 1064 11,
476 1011 523 1074 pp.
542 991 603 1054 555
616 1011 660 1072 55.

298 1091 412 1165 Quibus
434 1091 598 1153 emendatis
622 1099 711 1170 atque
733 1089 883 1169 explicatis
905 1099 997 1152 restat
1018 1098 1051 1152 ut
1072 1091 1133 1171 μέν
1148 1089 1352 1164 defendamus,

214 1191 291 1271 5555
315 1199 446 1252 extremo
473 1189 606 1251 membro
636 1188 766 1269 positum
795 1208 861 1250 esse
883 1188 983 1250 Nauck
1013 1197 1043 1250 et
1065 1189 1112 1250 alii
1135 1207 1221 1269 aegre
1243 1190 1352 1251 ierunt.

214 1291 295 1362 Quae
317 1288 455 1370 particula
479 1288 657 1349 adversativa
681 1289 707 1349 ei
723 1288 787 1349 voci
803 1287 1006 1367 postponenda
1023 1297 1079 1358 est,
1102 1305 1176 1367 quae
1191 1289 1352 1368 opponitur

214 1389 276 1450 voci
299 1387 440 1468 particula
462 1382 499 1447 δέ
520 1387 665 1448 55551155.
711 1388 809 1460 Quum
833 1387 888 1448 hoc
910 1387 941 1447 in
964 1403 1053 1448 versu
1075 1384 1155 1448 τάδε
1170 1396 1200 1448 et
1215 1383 1300 1449 ἄλλα
1315 1383 1352 1448 δέ

213 1489 292 1548 inter
313 1507 346 1548 se
367 1486 576 1566 respondeant.
600 1495 680 1567 patet
701 1488 762 1568 μέν
777 1486 850 1547 55111
873 1483 920 1548 alii
944 1485 1004 1546 roci
1026 1484 1144 1564 adiungi
1161 1504 1248 1564 posse
1263 1505 1351 1566 quam

213 1583 301 1648 τάδε.
342 1581 431 1647 'ibide
446 1595 543 1648 autem
566 1585 598 1646 in
621 1585 676 1646 boc
692 1585 825 1646 membro
849 1583 985 1646 adverbio
1009 1577 1092 1644 οὕτω
1109 1586 1350 1664 postponendum

213 1693 286 1758 erat,
309 1685 376 1765 qnia
398 1685 457 1746 hoc
478 1703 545 1746 cum
574 1693 695 1745 accentu
718 1684 845 1764 quodam
877 1683 990 1746 dictum
1018 1691 1063 1744 est
1084 1689 1172 1762 atque
1194 1683 1349 1745 dicendum

214 1792 286 1857 erat,
310 1784 347 1844 51.
369 1803 443 1863 5555
465 1801 553 1862 snpra
576 1783 661 1844 attuli
684 1783 815 1844 eiusdem
839 1781 1060 1861 significationis
1083 1781 1235 1842 formulas.

297 1883 398 1961 Neque
425 1883 584 1962 85555515,
619 1901 650 1943 55
685 1901 751 1943 cum
785 1882 824 1943 ita
858 1881 934 1952 sint,
968 1877 1067 1962 ταύτῃ
1101 1881 1256 1959 legendum
1284 1899 1350 1942 esse

211 1980 371 2043 affirmanti
404 1981 613 2042 concesserim.
658 1979 750 2042 Recte
778 1981 907 2060 quidem,
936 1981 961 2041 si
986 1979 1073 2058 εἶχεν
1094 1979 1152 2040 boc
1181 1981 1246 2040 loco
1270 1979 1348 2041 idenr

213 2089 291 2142 esset
313 2087 401 2157 atque
424 2080 565 2149 evenit.
590 2075 687 2162 ταύτῃ
711 2080 840 2159 positum
865 2089 952 2142 esset.
991 2079 1049 2141 Sed
1065 2077 1153 2160 verba
1169 2079 1235 2155 εἶχε
1249 2073 1348 2160 ταύτῃ

211 2181 375 2241 5555115555
397 2181 488 2239 coccit
514 2177 586 2239 nihil
615 2178 690 2239 aliud
721 2186 793 2239 sunt
815 2177 871 2239 nisi
898 2177 1034 2256 languida
1064 2195 1178 2250 eorum,
1211 2193 1285 2257 quae
1318 2176 1349 2236 in

211 2297 256 2338 rv.
280 2276 413 2357 praeced.
449 2275 579 2357 exposita
608 2284 702 2349 erant,
737 2276 885 2356 repetitio,
920 2275 1006 2353 εῖχεν
1039 2270 1121 2337 οὕτω
1151 2293 1220 2337 vero
1252 2275 1350 2336 haecce

211 2381 251 2439 55
280 2395 308 2438 se
337 2375 512 2448 15555551,
545 2375 697 2456 aptissime
730 2376 912 2436 concludunt
944 2376 1021 2436 hanc
1053 2373 1191 2436 carminis
1225 2379 1348 2454 partem.

212 2475 353 2536 Similiter
379 2475 501 2536 nuntius
528 2475 559 2537 in
582 2474 716 2555 Aeschyli
740 2475 821 2555 Sept.
849 2491 874 2535 c.
902 2473 995 2536 Theb.
1024 2491 1066 2534 vv.
1091 2472 1152 2533 792
1164 2491 1228 2552 sqq.
1259 2473 1349 2534 choro

212 2573 353 2636 nuntians
391 2573 512 2653 Argivos
548 2574 683 2654 repulsos
721 2593 800 2647 esse,
834 2591 878 2635 rv.
908 2572 968 2636 799
984 2593 1048 2653 sqq.
1089 2589 1163 2653 quae
1203 2571 1350 2632 nuntiavit

211 2671 360 2732 concludit

310 2793 416 2868 καλῶς
439 2795 505 2873 ἔχει
530 2791 568 2856 τὰ
592 2791 723 2858 πλεῖστ’
746 2795 780 2860 ἓν
803 2793 837 2868 ἓξ
859 2793 1064 2880 πυλώμασιν.

293 2946 377 3008 Hanc
398 2946 555 3022 formulam
572 2965 626 3008 usu
649 2967 715 3010 5555
736 2947 884 3028 receptam
908 2949 939 3009 in
962 2949 1011 3010 tali
1035 2949 1174 3010 orationis
1197 2957 1347 3012 structura

211 3045 299 3108 docet
321 3044 408 3106 etiam
431 3045 648 3108 Demosthenes
669 3047 702 3108 in
725 3046 842 3126 Olynth.
857 3047 893 3119 11,
909 3046 942 3106 9:
970 3045 1025 3107 551
1048 3045 1112 3129 μὴν
1135 3049 1166 3109 εἴ
1188 3069 1238 3121 τις
1259 3043 1350 3129 ὑμῶν

208 3143 311 3206 ταῦτα
332 3140 393 3226 μὲν
415 3135 517 3216 οὕτως
540 3141 627 3222 ἔχειν
648 3136 780 3226 ἡγεῖται
803 3181 854 3206 -.

293 3245 376 3317 Quae
399 3243 424 3306 si
446 3251 525 3306 recte
545 3243 693 3324 disputata
717 3254 797 3319 sunt,
827 3261 890 3306 555
912 3263 987 3325 opus
1011 3254 1057 3306 est
1078 3244 1134 3324 legi
1156 3264 1192 3306 ex
1208 3244 1349 3307 1151555111

209 3342 376 3406 coniectura
400 3342 467 3422 εἶχε
489 3337 520 3404 d’
545 3339 630 3422 ἄλλᾳ
651 3343 692 3405 τὰ
714 3345 781 3425 μέν,
813 3345 891 3425 5555
918 3343 996 3406 idern
1021 3363 1086 3405 esse
1109 3351 1251 3424 5155555
1274 3363 1348 3424 5555

208 3439 352 3533 continuo
386 3452 552 3522 sequuntur
585 3439 670 3505 ἄλλα
703 3439 737 3505 δ’
771 3438 826 3506 ἐπ’
858 3439 969 3516 ἄλλοις
990 3451 1044 3505 515
1079 3443 1153 3504 dixit
1184 3443 1346 3518 Hermann,

209 3525 306 3620 55555
337 3541 446 3603 babere
479 3543 558 3621 quod
592 3553 762 3623 opponatur
793 3543 920 3612 Ellendt,
954 3551 1005 3604 aut
1027 3543 1189 3604 llermanni
1217 3543 1284 3620 εἶχε
1312 3539 1347 3604 d’

208 3635 293 3700 ἄλλα
323 3637 384 3720 μὲν
417 3635 514 3714 ἄλλα,
548 3642 628 3721 5555
660 3643 836 3703 insolentius
870 3642 980 3703 dictum
1009 3661 1073 3703 esse
1103 3643 1165 3721 ipse
1194 3643 1347 3714 concessit,

208 3748 259 3802 aut
280 3738 408 3818 denique
432 3739 540 3802 utalia
562 3742 697 3802 omittam
720 3741 818 3802 lovem
841 3741 906 3819 cogi
932 3749 964 3801 ut
987 3742 1086 3802 denuo
1107 3740 1291 3814 interveniat,
1316 3750 1348 3802 ut

209 3838 317 3898 lactum
352 3845 399 3899 est
429 3856 445 3898 a
479 3837 631 3918 Septimo,
667 3838 791 3912 Wolllio,
825 3839 999 3918 Hartungio,
1040 3856 1128 3919 quem
1162 3839 1232 3900 item
1265 3835 1347 3902 acide

208 3937 368 3998 coniecisse
391 3935 483 3998 video.

293 4055 319 4096 v.
342 4035 413 4098 tor.
456 4035 605 4114 Antigona
627 4035 804 4116 interrogata
827 4058 843 4098 a
866 4038 1002 4110 Creonte,
1031 4054 1088 4098 cur.
1109 4057 1179 4100 ausa
1202 4039 1240 4100 sit
1266 4040 1344 4117 leges

208 4151 277 4195 suas
307 4135 449 4214 migrare,
483 4136 645 4215 respondet
678 4154 774 4216 neque
807 4136 842 4197 ab
876 4137 944 4198 love
972 4154 1068 4218 neque
1095 4137 1130 4199 ab
1153 4137 1267 4199 lustitia
1297 4139 1344 4200 in-

207 4233 337 4294 terorum
367 4233 453 4294 hasce
482 4234 561 4314 leges
588 4234 661 4295 latas
689 4253 753 4296 esse
785 4253 882 4315 55555
904 4253 936 4297 55
964 4243 1084 4314 putasse
1107 4235 1242 4297 Creontis
1265 4237 1345 4298 iussa

209 4341 324 4394 tentum
358 4332 467 4405 valere,
502 4343 644 4413 quantum
678 4333 801 4396 deorum
832 4335 895 4396 iura
926 4353 986 4396 non
1014 4335 1131 4414 scripta.
1176 4335 1289 4408 Quibus
1312 4355 1344 4398 se

207 4447 318 4509 poenas
341 4431 409 4492 dare
431 4431 560 4493 noluisse
582 4433 736 4494 bominum
761 4441 843 4494 metu
858 4433 1035 4496 exterritam.
1072 4431 1245 4495 lllorituram
1262 4435 1342 4496 enim

208 4528 347 4599 5555155,
369 4528 447 4608 qnod
472 4529 592 4608 priusne
613 4549 650 4592 an
674 4541 775 4611 postea
799 4533 891 4607 lieret,
914 4531 984 4594 nihil
1007 4536 1128 4594 reterre.
1166 4533 1343 4616 Quicunque
