3248 5142
663 411 887 474 -51-

289 585 484 665 vv.15t50sq.
528 586 640 648 Chorus
663 587 776 666 Oedipo
807 588 939 664 digresso
962 593 1114 666 precatur,
1142 593 1175 648 ut
1196 585 1247 646 llis
1273 605 1342 648 eum

203 683 332 762 benigne
356 685 489 764 excipiat,

304 792 462 877 λίσσομαι
485 792 563 879 μήτ’
586 793 741 881 §namorp
761 791 837 880 μήτ’
861 795 1083 878 ἐπιβαρααχεΐ
1104 831 1154 855 --.

203 905 306 968 Totius
328 908 466 970 carminis
482 917 612 970 metrum
628 916 672 970 est
694 909 852 970 iambicum
875 908 1076 989 logaoedioum
1096 908 1242 987 verbaque
1264 908 1344 969 anti-

204 1006 343 1086 stropbae
366 1024 442 1087 quae
463 1009 646 1088 respondent
667 1007 740 1069 baec
763 1015 850 1069 sunt:

302 1115 339 1189 ἐξ
360 1113 485 1199 ἄντρων
507 1113 678 1200 ἀδάματον
701 1112 834 1200 φύλακα
856 1108 939 1201 παρ’
957 1113 1065 1196 Ἅιδᾳ.

202 1229 407 1308 Requiruntur
426 1229 514 1308 igitur
529 1231 618 1310 pedes
642 1239 675 1292 ut
697 1232 736 1292 ita
753 1231 848 1292 dicam
866 1231 1022 1304 molossus,
1047 1232 1105 1292 duo
1122 1229 1229 1301 cretici,
1252 1247 1344 1309 spon-

203 1329 284 1389 deus.
330 1327 550 1391 Praetermissis
574 1348 642 1406 ergo
666 1330 789 1391 aliorum
814 1329 1005 1400 coniecturis
1033 1347 1158 1408 quarum
1190 1326 1267 1389 nulla
1291 1327 1345 1388 ob-

203 1426 307 1500 tinuit,
335 1427 446 1488 conioio
474 1429 599 1490 alterum
628 1425 687 1489 ἔπι
709 1464 751 1472 -
774 1427 1001 1510 dittographiam
1030 1447 1118 1507 quem
1148 1435 1254 1488 vocant
1280 1445 1344 1488 esse

203 1536 233 1586 et
255 1546 346 1605 quum
370 1527 527 1587 scholiasta
551 1525 692 1589 Laurent.
716 1528 746 1588 in
770 1529 844 1589 libro
867 1548 923 1590 suo
945 1528 1049 1608 legerit
1071 1525 1168 1588 δίδου
1190 1547 1262 1608 pot,
1288 1525 1345 1587 boc

202 1625 295 1686 luisse
318 1625 617 1705 interpretamentum
641 1626 705 1687 eius
721 1627 799 1705 quod
815 1636 901 1706 poeta
917 1626 1068 1706 scripserit
1082 1622 1139 1698 δός
1155 1647 1224 1706 μοι.
1259 1623 1346 1686 lori-

202 1732 267 1785 stus
290 1724 368 1784 enim
393 1723 475 1785 chori
496 1725 660 1785 sententiae
684 1725 774 1804 magis
797 1726 935 1787 convenit
950 1743 1039 1807 quam
1059 1742 1208 1805 praesens.
1245 1722 1346 1802 ltaquc

203 1840 304 1882 versus
328 1831 375 1882 est
397 1820 540 1901 legendus

302 1929 358 2005 δός
379 1955 439 2015 pot
461 1927 536 2016 μήτ’
559 1929 712 2016 ἕαιπόνῳ
733 1929 814 2016 μήτε
835 1935 998 2014 βαρυαχεῖ
1020 1969 1060 1976 -

204 2063 278 2124 quae
301 2045 359 2106 iam
381 2044 584 2124 antistrophae
606 2045 700 2107 verbis
723 2046 915 2125 respondent.

289 2143 383 2220 Antig.
411 2162 437 2202 v.
464 2140 514 2202 24.
569 2142 715 2220 Antigona
750 2144 885 2206 lsmenae
917 2143 1014 2206 sorori
1048 2153 1161 2211 narrat,
1198 2160 1275 2222 quae
1308 2144 1345 2202 de

204 2239 322 2300 Eteocle
344 2249 374 2300 et
394 2239 533 2319 Polynice
555 2240 696 2302 fratribus
720 2241 844 2304 mortuis
867 2242 963 2304 Creon
985 2243 1181 2318 constituerit,

299 2344 467 2412 Ἐτεοκλέα
489 2349 563 2434 μὲν,
588 2346 630 2424 ὥς
652 2351 798 2429 λέγουσι,
823 2351 883 2416 σὺν
905 2351 980 2436 δίνῃ

302 2450 464 2532 pprobata
486 2449 603 2528 δικαίᾳ
625 2451 681 2512 καὶ
703 2447 793 2535 νόμῳ
815 2449 900 2514 κατὰ
920 2449 1045 2530 χθονὸς

302 2545 425 2632 ἔκρυψε
445 2558 516 2621 τοῖς
539 2546 675 2631 ἔνερθεν
696 2547 829 2633 ἔντιμον
851 2560 989 2634 νεκροῖς.
1014 2611 1017 2616 ,

204 2658 317 2730 Quibus
339 2661 370 2722 in
393 2661 527 2722 versibus
550 2670 584 2726 ut
605 2663 755 2725 sententia
779 2683 853 2744 quae
882 2663 1031 2742 llagitatur
1059 2672 1104 2724 est
1132 2662 1273 2734 dilucida,
1304 2663 1344 2723 ita

203 2758 325 2820 ollendit
348 2761 472 2822 formula
497 2758 558 2823 orir
579 2759 655 2842 δίκῃ
678 2761 838 2843 χρησθεὶς
853 2761 971 2840 δικαίᾳ
992 2770 1022 2824 et
1044 2762 1261 2844 praepositione
1283 2758 1344 2822 abr

202 2875 269 2917 cum
293 2859 408 2936 passivo
430 2874 537 2937 genere
560 2861 715 2922 coniuncta
731 2880 786 2940 pro
807 2863 871 2922 solo
886 2862 983 2921 ‹latiro
1004 2867 1035 2922 et
1057 2859 1137 2922 verbi
1158 2860 1253 2921 torma
1276 2877 1344 2937 pas-

203 2953 264 3014 siva
294 2957 453 3036 χρησθείς
480 2964 511 3016 et
536 2957 729 3020 attributione
757 2955 874 3018 δικαία
907 2957 1084 3020 substantivi
1111 2952 1196 3038 δίκη.
1248 2956 1344 3036 Atque

205 3051 360 3115 formulam
398 3062 544 3116 vetustam
578 3072 642 3115 esse
675 3055 793 3133 iamque
824 3054 894 3116 indo
927 3054 964 3116 ab
997 3054 1126 3133 antiquis
1158 3055 1344 3134 temporibus

203 3149 288 3212 libris
311 3165 401 3212 mann
425 3152 542 3231 scriptis
557 3152 694 3215 traditam
710 3171 774 3214 esse
787 3151 961 3214 scholiastae
975 3152 1114 3216 laurent
1131 3151 1227 3214 verbis
1248 3153 1345 3214 inter·

203 3249 365 3328 pretantis:
388 3248 505 3328 δικαίᾳ
526 3251 634 3332 κρίσει
655 3248 857 3332 χρησάμενος
878 3252 899 3312 i.
916 3270 941 3312 o.
962 3256 1036 3324 inesto
1058 3252 1161 3314 iudicio
1183 3237 1253 3314 utus
1274 3267 1344 3332 pre-

203 3347 298 3410 batur.
342 3349 432 3429 Atqui
454 3348 516 3410 fieri
543 3350 625 3412 nullo
648 3351 736 3414 modo
765 3359 878 3430 potest,
904 3359 939 3412 ut
967 3352 1128 3433 χρησθείς
1154 3350 1344 3430 participium

204 3447 305 3507 aoristi
327 3449 434 3527 passivi
456 3450 546 3511 activa
571 3450 615 3510 vel
637 3450 734 3511 media
756 3450 782 3510 vi
805 3450 853 3511 hic
870 3449 1006 3531 positum
1029 3449 1181 3512 habeatur.
1225 3449 1343 3512 Nullum

205 3545 284 3604 eninr
307 3545 384 3605 aliud
407 3546 495 3607 huius
511 3547 611 3608 aoristi
627 3566 681 3627 pro
697 3548 795 3609 medio
817 3547 985 3630 exemplum
1008 3548 1039 3609 in
1059 3548 1215 3626 graecitate
1238 3547 1345 3625 legitur

204 3649 322 3722 praeter
344 3661 448 3715 unum,
470 3645 549 3724 quod
571 3646 656 3724 vulgo
679 3646 771 3708 citant
785 3645 897 3725 Polybii
920 3644 1180 3729 συγχρησθῆναι,
1195 3644 1230 3715 ll,
1246 3645 1296 3722 32,
1313 3645 1344 3706 7.

205 3741 270 3812 Quo
293 3742 357 3802 loco
381 3741 564 3820 optimorum
581 3744 715 3804 codicum
731 3762 808 3823 qnae
822 3744 949 3807 traditur
962 3744 1052 3805 lertio
1064 3753 1110 3804 est
1123 3742 1342 3824 σαγχρῆσθαι.

204 3840 265 3903 pm
300 3838 389 3918 igitur
419 3840 577 3902 artoinus
609 3823 818 3920 grammatius
849 3842 899 3902 ne
926 3841 1106 3922 Byzantinus
1137 3842 1295 3923 χρησνεις
1327 3860 1344 3902 a

203 3933 291 4021 χράω
314 3938 477 4002 derivatum
500 3956 554 4018 per
575 3937 821 4021 παραγγελθείς
842 3941 861 4001 i.
878 3961 905 4001 e.
925 3950 1047 4019 rogatus
1068 3939 1237 4020 explicavit,
1260 3941 1344 4002 cuius

204 4037 381 4100 sententiam
405 4037 556 4098 Hermann
577 4045 697 4100 sumtus
713 4038 903 4102 scribentium
925 4057 990 4100 esse
1014 4040 1174 4121 χρρσθείς
1195 4057 1262 4100 cnm
1285 4040 1344 4101 iota

203 4133 386 4214 subscripto,
416 4138 543 4199 formam
569 4135 651 4198 verbi
672 4134 796 4225 χρῄζω,
819 4137 942 4199 censuit
987 4136 1122 4199 Nominis
1145 4144 1245 4198 autom
1267 4135 1342 4220 δίνη

203 4232 425 4296 attributionem
447 4232 563 4297 δικαία
584 4235 702 4296 Bneulrlr
724 4235 913 4298 doctissimus
934 4235 992 4307 ille,
1015 4234 1066 4316 qni
1087 4235 1178 4297 vertit
1196 4243 1227 4296 et
1248 4235 1343 4298 inter·

203 4340 337 4412 protatur
359 4339 404 4393 est
423 4333 500 4395 banc
512 4332 652 4408 fabulam,
675 4351 743 4396 oum
765 4335 797 4396 in
812 4334 959 4414 Antigona
974 4353 1028 4398 sua
1041 4335 1112 4398 anni
1130 4332 1209 4396 1843
1225 4353 1255 4414 p.
1271 4335 1342 4406 217,

203 4440 268 4521 tum
290 4431 323 4491 in
345 4431 494 4511 encyclcp.
517 4441 547 4495 et
567 4434 697 4496 metbod.
720 4435 840 4496 litterar.
862 4434 1000 4514 philolog.
1022 4453 1052 4514 p.
1070 4435 1131 4494 110
1151 4433 1342 4513 tautologiam

205 4547 270 4592 esse
303 4539 404 4632 nogat,
437 4531 517 4610 quod
540 4532 685 4612 Antigona
718 4533 763 4595 bis
794 4533 891 4596 verbis
922 4541 1003 4596 recte
1025 4539 1166 4612 queratur
1186 4532 1342 4604 bominum

1148 4633 1183 4686 4*
