3248 5142
693 403 911 467 ..73-

312 582 411 660 Atque
433 581 562 660 primum
585 579 705 661 quidem
730 580 885 660 genetivus
904 571 1101 662 Ἡρακλέους
1116 579 1253 642 homiues
1270 580 1373 640 doctos

227 679 310 741 valde
332 679 465 742 offendit.
511 680 577 742 Non
606 680 687 741 enim
717 679 855 760 explicari
877 689 984 760 potest,
1014 681 1096 743 uude
1122 679 1279 759 genetivus
1298 697 1373 758 peu·

227 779 303 851 daat,
326 797 424 860 neque
445 779 629 842 accusativus
652 779 686 840 iu
708 778 810 858 paucis
833 779 1009 860 apographis
1033 788 1184 842 correctus
1214 778 1373 859 quicquam

22 920 25 930 .
122 886 125 890 ’
227 877 411 939 auctoritatis
444 876 540 939 babet.
597 877 750 940 Glossema
783 877 874 956 igitur
906 895 971 940 esse
1004 878 1138 958 plerique
1172 877 1373 956 interpretum

228 984 405 1038 statuerunt.
449 976 535 1038 Solus
569 976 648 1056 quod
683 974 775 1038 sciam
798 975 950 1038 Wecklein
982 977 1118 1056 genetivo
1149 983 1267 1038 servato
1295 977 1375 1056 βίαν

228 1075 352 1156 explevit
373 1074 492 1147 dubius,
514 1075 585 1155 quid
610 1075 689 1137 aliud
712 1074 880 1138 addendum
903 1083 990 1138 esset
1029 1076 1132 1156 Neque
1148 1074 1247 1137 minus
1263 1074 1373 1136 incerta

228 1173 370 1237 Wunderi
394 1181 446 1236 aut
466 1173 600 1235 Dindorfl
621 1173 828 1255 supplementa
849 1182 930 1236 sunt.
974 1175 1048 1237 Nam
1072 1172 1179 1256 Ζρυὸς
1202 1169 1375 1254 adponant

229 1268 336 1355 Ζηυός
358 1267 477 1354 κέλωρ’
499 1271 658 1352 incertiora
681 1289 747 1334 esse
769 1271 867 1352 quiris
889 1272 1041 1352 intellegat
1056 1291 1180 1335 necesse
1202 1281 1248 1334 est
1270 1280 1299 1334 et
1314 1281 1374 1334 tam

229 1371 424 1450 singularium
466 1390 573 1432 vocum
616 1371 878 1451 interpretationes
919 1372 1146 1434 scholiastarnm
1183 1370 1374 1434 exstitissent.

229 1468 307 1530 Nihil
334 1477 432 1530 autem
467 1469 498 1530 hi
531 1469 563 1531 in
593 1470 765 1532 enarrandis
793 1469 927 1532 versibus
955 1469 1018 1532 854
1046 1479 1076 1532 et
1104 1470 1164 1532 855
1199 1470 1236 1532 de
1268 1470 1374 1532 talibus

229 1567 349 1629 vocibus
372 1567 554 1648 explicarunt
569 1576 612 1654 'et
637 1567 711 1630 baec
733 1568 821 1629 verba
844 1569 927 1630 ebori
950 1569 984 1632 ad
1008 1568 1164 1631 Herculem
1187 1568 1292 1632 relerri
1319 1588 1375 1649 per

229 1685 261 1728 se
283 1665 471 1744 intellegitur.
516 1666 618 1746 ltaque
640 1666 700 1728 veri
723 1666 828 1739 simile,
846 1685 908 1729 nou
936 1675 983 1729 est
1004 1668 1063 1728 tale
1085 1667 1157 1747 quid
1180 1667 1374 1740 intercidisse,

228 1765 280 1826 sod
303 1765 397 1826 multo
418 1765 480 1826 veri
508 1765 644 1836 similius,
676 1775 708 1827 ut
735 1785 822 1847 saepe
845 1766 956 1828 lactum
979 1785 1045 1828 esse
1072 1766 1155 1828 libris
1186 1766 1299 1828 collatis
1320 1767 1374 1828 de·

230 1870 425 1936 monebatur,
447 1865 564 1926 voculas
587 1865 728 1944 quasdam
751 1865 797 1926 vel
817 1863 955 1945 syllabas,
980 1883 1055 1945 quae
1077 1863 1163 1928 facilc
1179 1865 1374 1944 praetermitti

229 1971 393 2043 potueruut
414 1981 430 2024 a
452 1963 590 2024 librariis.
627 1964 729 2024 Deleta
750 1963 842 2042 igitur
863 1964 999 2042 genetivo
1020 1957 1215 2044 Ἡρακλέους
1230 1982 1247 2023 e
1261 1962 1374 2041 glosse-

230 2069 309 2124 mate
328 2055 488 2142 Ἡρακλέα
511 2067 578 2123 orto
599 2061 780 2124 restituerim

332 2215 464 2293 κέχυται
488 2206 596 2287 νόσος,
621 2205 646 2276 oi
669 2207 791 2288 πόποι,
815 2209 887 2276 οἷον
909 2205 950 2284 ἐξ

331 2307 500 2394 ἇυαρσίαυ
522 2305 712 2374 οὐπώποτ’
736 2307 810 2375 ded
817 2309 849 2394 ρ’
872 2303 1066 2390 ἄγακλειτόυ
1087 2347 1138 2372 -.

229 2471 346 2543 Quibus
379 2471 474 2532 tribua
507 2470 626 2550 syllabis
652 2469 795 2550 suppletis
818 2469 1041 2532 concedendum
1070 2477 1116 2530 est
1145 2476 1175 2530 et
1197 2468 1375 2530 sententiam

230 2569 387 2631 verborum
411 2577 521 2633 rectam
544 2577 574 2630 ct
597 2577 693 2630 metro
715 2568 899 2630 satisfactum
923 2587 997 2630 csse.

318 2685 361 2727 vv.
377 2666 556 2728 err-970.
588 2671 644 2741 (ru.
661 2665 734 2728 958.
757 2667 829 2728 961.
853 2665 938 2744 964).

319 2766 419 2839 Quum
452 2765 553 2826 nutrix
588 2764 741 2826 Deianirae
778 2773 906 2826 mortem
939 2765 1133 2827 voluntariam
1172 2763 1377 2836 nuntiavisset,

231 2863 340 2925 chorus
362 2865 480 2936 dubius,
508 2882 583 2943 quae
612 2864 686 2926 mala
709 2863 923 2944 priusgemat,
951 2872 1052 2925 utrum
1076 2861 1237 2923 domestica
1262 2881 1302 2924 an
1327 2863 1377 2922 lo-

231 2963 345 3036 rensis,
378 2963 415 3023 de
438 2962 573 3024 Herculis
600 2961 684 3023 malis
715 2969 822 3022 cantat
868 2961 903 3022 ln
931 2979 990 3041 quo
1018 2960 1150 3022 carmine
1182 2967 1244 3021 tres
1274 2979 1376 3021 versus

231 3060 436 3129 inveniuntur,
466 3078 542 3139 quos
572 3059 708 3122 nondum
736 3059 949 3138 expediverunt
969 3078 1013 3120 vv.
1037 3059 1086 3119 dd.
1131 3058 1208 3120 Sunt
1236 3057 1287 3120 isti
1315 3066 1376 3119 tres

232 3177 334 3220 versus
356 3157 418 3220 958
446 3156 570 3240 μοῦνον
603 3152 766 3218 alordoaio’
795 3151 898 3240 ἄφαρ,
927 3154 986 3216 961
1011 3151 1158 3218 ἄσπετον
1180 3177 1212 3217 τι
1244 3155 1375 3239 θαῦμα,

232 3256 294 3320 964
321 3254 422 3328 ξένων
448 3254 511 3338 γὰρ
538 3251 690 3338 scopatae
720 3249 779 3338 p'ds
811 3277 862 3329 τις
895 3251 1004 3336 βάσις.
1055 3255 1190 3327 Quorum
1222 3253 1254 3314 in
1281 3255 1376 3335 primo

231 3355 364 3437 μοῦνον,
386 3357 467 3436 quod
489 3354 571 3418 libris
592 3354 735 3418 traditum
759 3363 812 3428 est,
835 3355 942 3417 merito
964 3362 1136 3434 suspectum
1161 3360 1213 3415 est.
1251 3353 1324 3414 Nam
1340 3372 1377 3414 ex

233 3453 390 3515 verborum
413 3455 562 3516 sententia
583 3453 760 3516 adiectivum
783 3455 966 3516 contrarium
989 3471 1100 3515 sonans
1126 3451 1259 3514 adiectivi
1284 3447 1377 3514 ἄλκι-

233 3572 297 3633 μον
312 3561 507 3632 exspectatur.
544 3554 630 3627 Quod
650 3571 713 3614 uon
734 3561 782 3614 est
802 3551 953 3633 καῦρου
973 3551 1135 3613 aNauclrio
1158 3551 1376 3630 ‘temptatum’.

232 3652 296 3713 lloc
318 3651 399 3714 enim
423 3651 564 3714 vocabulo
587 3647 687 3714 κακόν
709 3651 857 3729 designari
886 3651 1085 3730 lexicographi
1107 3657 1222 3712 veteres
1245 3651 1376 3713 tradunt.

233 3752 314 3825 Quae
337 3750 380 3812 vis
401 3750 471 3812 huic
491 3750 556 3812 loco
580 3767 642 3811 non
665 3750 814 3821 convenit,
838 3751 918 3830 quod
940 3756 1056 3812 constat
1087 3745 1214 3821 κακός
1236 3749 1322 3829 plane
1344 3757 1378 3813 ut

233 3851 408 3912 Latinorum
438 3849 572 3918 mulus,
605 3859 743 3910 nostrum
765 3848 937 3910 schlccht
968 3866 1121 3927 nunquam
1156 3849 1193 3909 dc
1225 3849 1378 3910 inielici

234 3949 355 4010 homine
388 3948 499 4010 dictum
535 3965 600 4008 essa
633 3955 662 4008 et
693 3947 865 4027 oppositum
897 3947 953 4009 adi.
984 3941 1114 4024 ἀγαθός
1141 3947 1210 4009 airu.
1259 3947 1377 4011 Gonicio

233 4047 323 4125 igitur
344 4045 468 4129 μοῦνον
489 4047 565 4109 falso
588 4047 734 4126 scriptum
756 4065 822 4108 esse
848 4045 884 4108 ab
906 4047 1004 4126 aliquo
1026 4045 1145 4109 librario
1167 4066 1221 4128 pro
1245 4067 1290 4121 eo,
1318 4066 1377 4127 quo

234 4155 321 4225 poeta
336 4165 409 4207 usus
424 4155 470 4208 est
485 4143 656 4227 psoricon,
683 4146 876 4226 quodmiror
897 4153 1031 4225 spretum
1047 4165 1112 4208 esse
1138 4145 1175 4208 ab
1197 4146 1378 4217 Hermanno,

235 4242 286 4322 qni
308 4239 415 4323 μανόν
441 4245 607 4325 proposuit.
651 4243 711 4305 Sed
740 4243 875 4306 adiectiri
904 4239 1008 4324 μανός
1036 4263 1128 4325 quum
1157 4245 1240 4325 prior
1268 4244 1376 4326 syllaba

235 4359 346 4422 auceps
369 4349 424 4414 est,
444 4350 518 4403 ¹tum
542 4344 584 4406 vis
610 4351 700 4422 atque
732 4341 908 4422 significatio
930 4359 993 4404 non
1015 4352 1096 4405 recte
1119 4363 1156 4405 ex
1178 4343 1321 4407 diametro
1344 4352 1377 4406 ut
1476 4409 1484 4416 ,

235 4441 319 4502 aiunt
341 4439 483 4501 adiectiro
505 4435 644 4522 ἄλκιμος
666 4441 777 4523 opponi
799 4449 912 4521 potest,
929 4441 982 4502 sed
1006 4442 1099 4502 multo
1123 4443 1213 4522 mapa
1235 4442 1377 4505 adiectiro

170 4587 189 4627 Ι.
235 4534 369 4612 πυκνός.
413 4536 466 4599 Est
488 4538 568 4600 enim
590 4539 654 4602 lere
675 4540 754 4602 idem
777 4539 857 4620 quod
880 4539 1051 4602 Latinorum
1072 4557 1191 4603 rarus.
1239 4539 1378 4624 Μαῦρος
