3248 5142
679 415 901 478 ..71-

219 587 266 664 1ξ,
289 585 368 664 end,
392 584 461 654 ἄπό
483 592 650 670 genetivum
675 590 866 672 proruentibus
889 591 1053 671 composita
1076 602 1156 666 sunt,
1179 595 1362 656 aecusativus

218 699 404 769 sequeretur,
426 689 569 770 probatur
590 690 732 770 exemplis
757 689 928 752 verborum:
959 687 1173 772 ἐξίστασθαι,
1195 689 1361 777 ἐκστῆναι,

218 781 479 864 ὑπεξίστασθαι,
502 783 728 872 ἀφίστασθαι,
751 785 995 870 ἐκτρέπεσθαι,
1024 783 1282 874 ἄπεξέρχεσθαι,
1311 790 1363 856 ἰκ-

217 881 357 967 βαίνειν,
380 883 550 966 ἐκκλίνειν,
574 887 693 968 quibus,
720 886 898 968 simulatque
922 905 1001 950 mera
1030 887 1164 968 fugiendi
1186 889 1362 968 signillcotio

218 985 305 1058 inest,
328 985 509 1050 aecusativus
530 1005 585 1068 pro
607 985 695 1048 solito
718 985 855 1066 genetivo
878 985 1003 1049 additur.
1048 988 1090 1050 lta
1113 1005 1233 1069 semper
1254 989 1361 1054 iisdem

217 1083 485 1166 praepositionibus
507 1083 707 1166 compositum
724 1084 846 1148 verbum
871 1079 1083 1168 dnssrpdgsrs
1105 1103 1174 1150 curn
1196 1089 1361 1153 accusativo

218 1183 376 1256 invenitur,
389 1183 526 1246 Trach.v.
537 1183 596 1246 167
606 1173 726 1266 χρόνον
736 1181 838 1258 τέλος,
849 1183 915 1246 dut.
924 1203 949 1246 v.
963 1183 1043 1247 1086
1055 1181 1264 1266 τοξευμάτων
1276 1183 1360 1250 eatt-

217 1301 293 1356 πος,
306 1279 457 1344 Ειιε.Με1.
465 1299 490 1342 v.
500 1279 561 1342 524
569 1277 809 1359 γλωσσαλγίαν,
817 1280 907 1344 Αηᾶτ.
915 1299 939 1344 v.
951 1283 984 1344 41
993 1283 1012 1346 5
1019 1276 1132 1365 μόρον,
1141 1284 1254 1348 Phoen.
1264 1305 1289 1346 v.
1297 1285 1360 1350 873

218 1370 332 1454 θεούς,
349 1379 458 1442 Herod.
471 1379 492 1456 1,
511 1379 571 1443 153
588 1377 624 1444 ro*
642 1377 762 1463 παρόν.
794 1380 906 1456 Quodsi
923 1381 1014 1462 igitur
1033 1401 1101 1446 cum
1116 1383 1291 1458 Wecllinio,
1312 1403 1360 1450 ars

217 1479 308 1560 Soph.
325 1479 443 1542 emend.
466 1496 495 1558 p.
512 1478 562 1552 72,
584 1477 753 1558 genetivum
775 1477 839 1542 τᾶν
861 1478 892 1540 in
906 1479 1104 1543 accusativum
1120 1476 1179 1562 τήν
1196 1483 1360 1557 mutaveris,

216 1577 296 1659 quod
317 1577 454 1640 librarios
476 1577 511 1640 ad
535 1568 581 1640 ἄν
602 1577 633 1640 in
655 1577 812 1640 scribendo
836 1577 990 1652 aberravit,
1013 1577 1102 1641 habes
1124 1578 1181 1641 iam
1210 1582 1359 1661 posterius

217 1676 384 1740 membrum
407 1685 438 1739 et
459 1676 604 1740 sententia
626 1677 786 1740 dilucidum
811 1685 841 1740 et
862 1676 974 1756 legibus
993 1677 1192 1756 grammaticis
1214 1687 1338 1756 rectum,

315 1799 385 1884 τὴν
407 1795 440 1866 d'
464 1792 665 1882 ἄπεκτρέπα
688 1797 788 1874 πόδα,

215 1927 232 1988 i.
257 1946 283 1990 e.
308 1928 398 1992 ‘douc
420 1927 517 2010 [τρίτ’.
554 1927 608 1990 Cui
631 1926 766 1990 membro
789 1927 941 2007 aptissime
965 1927 1144 2012 respendere
1165 1937 1248 2008 patet
1265 1949 1359 1992 mem-

216 2027 312 2098 lrrum,
335 2027 415 2108 quod
438 2027 512 2088 alter
533 2025 627 2088 schol.
652 2024 736 2087 Laur.
760 2025 892 2106 explicat.
936 2024 1006 2086 Eius
1030 2024 1110 2086 enirn
1132 2027 1278 2092 sententia
1299 2039 1357 2092 est:

215 2133 353 2204 ‘quornm
378 2134 504 2188 celatum
525 2125 677 2187 iuvenilem
703 2127 762 2186 viri
785 2123 885 2186 oculus
911 2141 1013 2206 rupere
1038 2122 1130 2186 volet'.
1181 2125 1358 2190 donativum

214 2223 303 2302 igitur
330 2222 516 2304 pronominis
543 2213 588 2286 ἄν
615 2221 768 2302 subiungit
790 2220 955 2284 accusativo
984 2221 1105 2292 omisso,
1134 2241 1223 2302 quern
1254 2225 1359 2288 statuit

214 2341 278 2384 esse
299 2319 357 2406 τὴν
378 2316 571 2396 radicosus,
601 2315 709 2394 ἄνθος
737 2319 816 2400 quod
849 2319 981 2380 abundat
1016 2337 1075 2380 non
1114 2319 1206 2394 novit,
1241 2324 1359 2402 supplet

214 2420 382 2494 genetivum
415 2413 548 2502 ἄνδράς,
583 2418 633 2502 qui
667 2417 711 2480 vel
745 2418 871 2480 maxime
900 2416 1084 2480 necessarius
1116 2425 1162 2479 est
1195 2421 1358 2484 sententiae

215 2517 352 2598 integrae.
398 2519 480 2592 Quae
509 2537 578 2582 oum
605 2518 645 2580 ita
668 2517 736 2590 sint,
765 2516 941 2578 mutandum
972 2533 1091 2598 quoquc
1120 2533 1227 2580 censeo
1250 2513 1358 2594 ἄνθος

214 2608 436 2700 1ηᾶνδρός,
460 2617 498 2680 ita
523 2625 556 2680 ut
576 2625 663 2698 poeta
686 2613 729 2678 sic
751 2614 905 2696 scripsisse
929 2614 1074 2696 putandus
1098 2615 1149 2678 sit:

715 2731 760 2803 ἄν
782 2734 994 2822 ἀφαρπάζειν
1017 2736 1111 2822 φιλεῖ

314 2834 494 2922 ὀφθαλμός
515 2834 678 2922 ἄνδράς,
701 2833 772 2921 τήν
794 2831 827 2898 δ’
850 2831 1050 2922 ἄπεκτοέπει
1074 2833 1178 2914 πόδα,

213 2973 352 3046 ‘quornm
372 2964 455 3028 turm
475 2981 578 3044 rapere
592 2967 612 3026 i.
627 2983 652 3026 e.
667 2963 719 3026 illo
738 2965 806 3044 frui
824 2961 902 3034 solet,
924 2961 998 3026 tom
1016 2963 1091 3044 sugat
1112 2965 1356 3027 ciricsceatte.
1424 2946 1430 2960 ⁸

214 3067 259 3126 cir
283 3082 371 3144 ouum
396 3062 519 3144 aspicit’.
565 3063 659 3142 Spero
688 3062 752 3124 lore
777 3071 811 3126 ut
838 3061 893 3124 ltac
914 3079 981 3122 mea
1003 3060 1138 3126 versione
1159 3061 1356 3144 intellegatur,

213 3179 302 3242 quam
326 3178 389 3224 nou
411 3161 543 3226 abundet
564 3160 719 3240 genetivus
741 3154 874 3244 ἀνδρός,
901 3158 961 3222 imo
986 3176 1165 3240 veroquam
1189 3161 1356 3224 necessario

213 3261 390 3340 requiratur.
436 3261 559 3326 Voculae
589 3277 657 3324 vero
690 3256 749 3342 adv
775 3260 837 3340 pio
865 3256 990 3322 omissae
1013 3267 1085 3322 sunt
1107 3267 1140 3322 ut
1162 3259 1205 3322 ut.
1231 3279 1255 3320 v.
1276 3260 1355 3322 1291

212 3356 253 3422 sd
285 3361 354 3440 μέν,
389 3359 492 3424 Trach.
524 3379 548 3421 v.
568 3359 626 3422 117
661 3355 698 3420 τὸ
728 3359 798 3440 μέν.
843 3357 886 3420 tl.
910 3357 1029 3438 Sauppe
1062 3355 1097 3420 ad
1131 3357 1204 3420 l'lat.
1239 3358 1356 3437 l'rotag.

213 3476 241 3537 p.
258 3455 365 3530 3301,
387 3459 497 3530 adnot,
521 3456 671 3522 lluelmerl
692 3474 736 3536 gr.
753 3475 796 3536 gr.
812 3456 836 3518 ll
854 3475 881 3536 p.
897 3453 971 3530 808,
992 3456 1095 3520 adnot,
1111 3455 1130 3518 4
1147 3465 1177 3518 et
1191 3474 1219 3536 p.
1237 3455 1309 3529 814,
1327 3458 1356 3520 3.

215 3554 364 3618 Wecklein
386 3557 405 3620 l.
429 3575 454 3616 c.
478 3555 583 3618 drach.
608 3575 634 3617 v.
653 3556 712 3618 135
735 3555 780 3636 τῷ
803 3549 835 3616 δ’
859 3551 1033 3636 ἐπέρχεται
1056 3561 1127 3614 etv.
1146 3554 1204 3614 117
1228 3554 1355 3630 confert,

213 3653 329 3732 delegat
350 3653 386 3716 ad
410 3652 546 3734 Seylierti
569 3654 669 3716 adnot.
692 3652 729 3714 ad
752 3652 794 3712 ali.
811 3671 837 3714 v,
854 3649 926 3712 2³5.

297 3753 379 3828 Quae
407 3751 573 3814 emendatio
600 3751 720 3814 alterius
745 3750 828 3812 Laur.
853 3749 1028 3814 scholiastae
1059 3755 1088 3810 et
1112 3749 1304 3830 explicatione
1326 3759 1356 3813 et

213 3852 331 3914 silentio
354 3849 574 3932 comprobatur.
620 3850 790 3913 Secundum
813 3848 893 3912 enim
917 3847 1084 3910 membrum
1113 3843 1171 3931 τὴν
1197 3841 1229 3910 δ’
1253 3843 1355 3912 ἄπεκ-

212 3951 324 4032 opines
349 3945 440 4012 πόδα
464 3957 495 4012 ut
518 3947 602 4012 cuins
625 3948 710 4028 plana
733 3947 774 4010 sit
795 3947 942 4010 sententia
966 3947 1186 4026 praetermittit,
1213 3955 1242 4010 at
1263 3949 1355 4028 prius,

211 4049 242 4110 in
265 4067 325 4129 quo
347 4065 511 4129 pronomen
535 4043 593 4132 τὴν
615 4049 673 4128 μέν
695 4047 787 4120 deest,
811 4046 851 4108 ita
874 4045 1007 4128 explicat,
1039 4053 1072 4108 ut
1093 4044 1151 4129 τὴν
1174 4041 1356 4119 νεᾶζονσαν

212 4145 248 4208 ad
270 4146 440 4225 genetivum
465 4137 510 4210 ἄν
531 4145 688 4226 cogitando
712 4147 826 4226 expleat
848 4153 877 4206 et
900 4162 954 4224 pro
977 4140 1096 4218 ἄνθος,
1128 4145 1208 4224 qnod
1231 4146 1354 4208 omnino

212 4261 274 4306 non
307 4243 377 4324 legit
409 4243 441 4306 iu
466 4263 521 4306 suo
549 4245 635 4318 libro,
669 4243 839 4324 genetivum
874 4235 993 4326 ἄνδρας
1020 4241 1219 4304 necessarium
1250 4244 1354 4307 tradat.

212 4342 297 4405 Prior
329 4351 428 4406 autem
461 4343 632 4415 scholiasta,
666 4343 716 4424 qui
751 4341 846 4404 lacere
879 4359 938 4406 non
969 4341 1066 4422 potuit
1099 4340 1172 4422 quin
1206 4341 1282 4404 idem
1318 4343 1354 4404 ad

212 4437 394 4524 ὀφθαλμός
420 4450 517 4520 genet.
545 4437 666 4526 ἀνδρός
693 4441 855 4522 suppleret,
884 4440 1013 4504 absurde
1041 4439 1168 4504 alvsurda
1192 4440 1279 4503 verba
1302 4460 1353 4508 cv·

212 4539 337 4622 plicavit.
