3252 5142
754 430 951 492 ..6-

278 603 380 682 Neque
412 603 491 663 enim
519 603 547 664 id
575 605 671 664 solnm
698 605 811 667 referre
834 611 907 684 puto
936 603 1172 666 emendationem
1202 604 1336 678 inveniri,
1367 606 1419 667 sed

278 702 365 764 etiam
388 701 517 764 rationes
540 710 630 783 atque
653 712 825 782 argumenta
855 704 969 776 aiierri,
997 702 1106 783 quibus
1135 723 1224 783 quam
1253 705 1419 766 necessaria

279 807 366 880 atque
399 801 559 881 probabilis
591 803 630 864 sit
659 804 891 865 demonstretur.
941 803 1021 864 Inter
1049 820 1155 864 omnes
1185 803 1265 865 enim
1296 810 1420 875 constat,

279 908 388 979 quanta
420 900 548 963 sollertia
584 909 672 982 atque
706 920 775 965 cura
805 901 919 984 antiqui
951 901 1108 982 scriptores
1136 902 1225 965 verba
1254 921 1305 964 sua
1338 919 1421 963 com·

279 999 443 1079 posuerint.
496 1000 579 1074 Qtrod
614 1019 681 1062 cum
714 1019 749 1061 ex
783 999 884 1062 multis
918 1000 981 1062 aliis
1014 1001 1272 1079 grammaticorum
1302 1000 1421 1081 scriptis

279 1107 418 1179 apparet,
448 1106 514 1160 tum
547 1119 582 1160 ex
615 1099 746 1181 Dionysii
775 1098 1042 1161 Halicamassensis
1075 1100 1112 1162 de
1144 1099 1305 1162 verborum
1338 1119 1420 1161 com-

279 1197 427 1278 positione
457 1198 546 1272 libro,
580 1199 708 1261 maxime
738 1217 807 1260 rero
837 1217 872 1260 ex
901 1198 964 1260 eius
994 1199 1142 1279 capitisV
1168 1199 1279 1262 verbis:
1315 1195 1421 1282 πολλη“

227 1297 234 1310 ‘
279 1293 424 1381 πρόνοια
454 1306 525 1371 τοῖς
556 1293 706 1381 ἀρχαίοις
742 1293 783 1382 ἦν
814 1296 870 1360 καὶ
904 1308 1062 1381 ποιηταῖς
1098 1296 1153 1361 καὶ
1188 1297 1422 1382 συγγραφεῦσι,

280 1391 482 1479 φιλοσόφοις
507 1418 542 1458 τε
573 1395 628 1458 καὶ
663 1395 796 1482 ῥήτορσι
824 1395 880 1480 τῆς
909 1389 999 1470 ἰδέας
1025 1394 1158 1482 ταύτης·
1192 1396 1248 1459 καὶ
1277 1393 1353 1461 οὔτε
1381 1395 1422 1458 τὰ

280 1490 428 1577 ὀνόματα
455 1505 526 1569 τοϊς
554 1491 696 1579 ὀνόμασι
724 1493 797 1560 οὔτε
825 1494 866 1558 τὰ
899 1493 987 1559 κῶλα
1018 1506 1089 1570 τοϊς
1116 1495 1236 1571 κώλοις
1262 1488 1338 1559 oir'cs
1365 1494 1423 1568 τὰς

281 1587 459 1676 περιόδους
487 1589 646 1678 ἀλλήλαις
674 1594 762 1685 sinii
790 1591 970 1659 συνάπτειν
999 1593 1101 1680 ᾤοντο
1123 1594 1212 1660 δεῖν·
1246 1598 1357 1678 τέχνη
1381 1592 1424 1657 δέ

280 1715 341 1766 τις
372 1685 417 1776 ἦν
447 1689 538 1777 παρ’
568 1689 803 1768 αὐτοῖςκαὶ
831 1689 1095 1778 θεωρήματα,
1130 1691 1192 1769 οἷς
1223 1692 1421 1777 χρώμενοι

282 1793 554 1857 συνετίθεσαν
581 1787 631 1858 εὖ.
676 1794 773 1868 Ουτοι
795 1793 885 1874 igitur
905 1802 999 1856 artem
1021 1793 1194 1876 antiqui'ad
1217 1794 1423 1876 componenda

281 1891 367 1954 rerba
389 1891 589 1967 adhibuerint,
613 1911 678 1955 cam
701 1911 763 1956 non
785 1894 883 1956 solum
906 1893 1134 1973 cogitationibus
1156 1893 1337 1973 argumentis
1360 1908 1422 1954 non

281 1989 415 2064 firmatis,
443 1993 495 2054 sed
517 1993 563 2055 via
585 2011 620 2056 ac
640 1993 755 2056 ratione
781 1992 1134 2074 restituamus'oportet,
1160 2002 1194 2056 nt
1220 1991 1342 2057 tandem
1370 1991 1422 2052 ali-

282 2090 401 2170 quando
434 2090 470 2152 de
502 2091 625 2170 singulis
658 2093 740 2164 locis,
768 2091 864 2172 quoad
894 2092 958 2156 eius
986 2093 1050 2154 fieri
1076 2093 1183 2174 possit,
1211 2111 1255 2176 rr.
1279 2091 1327 2154 dd.
1351 2108 1423 2152 con·

281 2188 420 2252 sentiant.
465 2190 544 2253 Fieri
566 2199 667 2254 autem
690 2208 752 2253 non
777 2199 876 2272 potest
897 2193 971 2272 quin
997 2193 1168 2256 emendanti
1193 2191 1295 2256 critico
1321 2191 1424 2254 eudem

281 2307 357 2369 quae
389 2289 447 2351 iam
481 2291 545 2353 aliis
578 2289 626 2352 iu·
643 2297 775 2353 mentem
809 2291 939 2353 veniant.
992 2291 1105 2366 Quodsi
1136 2292 1226 2370 igitur
1258 2289 1424 2354 emendatio

282 2388 389 2450 veteris
411 2390 503 2453 critici
525 2390 656 2470 neglecta
678 2389 780 2462 iaceat,
803 2391 882 2470 quod
906 2390 994 2454 nullis
1020 2399 1072 2454 aut
1092 2391 1221 2453 infirmis
1243 2387 1424 2468 argumentis

284 2487 457 2551 confirmata
490 2497 551 2563 est,
588 2489 759 2570 posterioris
791 2489 883 2554 critici
915 2491 1041 2552 eandem
1076 2487 1314 2558 emendationem
1348 2486 1424 2568 aptis

282 2587 447 2650 rationibus
484 2588 706 2669 comprobantis
744 2606 832 2669 opera
871 2607 933 2651 non
970 2588 1086 2652 silentio
1130 2594 1271 2666 tanquam
1310 2585 1425 2649 inutilis

282 2687 555 2767 praetermittenda,
579 2689 632 2750 sed
654 2697 688 2750 ut
709 2688 795 2751 laude
809 2689 895 2769 digna
910 2687 1170 2758 commemoranda
1193 2696 1247 2748 est.
1284 2686 1424 2748 Ceterum

283 2786 317 2860 si,
340 2805 416 2866 quae
437 2787 469 2849 in
490 2787 549 2850 boc
568 2786 669 2848 libello
684 2788 815 2868 exposita
833 2796 913 2861 sunt,
936 2788 1014 2850 torte
1035 2786 1094 2848 iam
1117 2784 1238 2850 ab‘aliis
1260 2805 1309 2849 me
1322 2785 1424 2848 nescio

282 2885 397 2966 prolata
427 2887 497 2961 sint,
533 2905 567 2950 ea
594 2903 643 2950 me
669 2887 730 2950 suis
752 2888 919 2950 auctoribus
948 2885 1084 2948 restituta
1112 2885 1185 2948 velie
1213 2885 1324 2948 diserte
1353 2903 1422 2966 pro-

284 2985 400 3049 nuntio.
452 2985 515 3058 Qua
544 2985 577 3047 in
606 3004 638 3047 re
667 3003 754 3067 spero
781 2986 845 3048 tore
872 2993 905 3046 ut
932 2983 1004 3046 mibi
1032 2984 1192 3046 excusatio
1208 2984 1256 3058 sit,
1289 2984 1368 3065 qnod
1394 2984 1425 3046 in

284 3083 393 3166 oppido
421 3104 436 3146 a
464 3085 630 3148 litterarum
659 3084 837 3148 commercio
859 3083 1061 3148 remotissimo
1083 3090 1200 3164 practer
1222 3101 1325 3166 pauca,
1348 3101 1425 3163 quoe

283 3184 357 3246 mihi
386 3184 629 3265 suppeditabant,
662 3186 827 3249 litterarum
855 3183 997 3246 subsidiis
1026 3202 1102 3265 quae
1129 3184 1248 3265 quidem
1277 3183 1425 3246 sufficiant

283 3301 375 3364 prope
397 3283 557 3346 destitutus
584 3303 660 3346 snm.
696 3283 816 3346 Accedit
837 3282 916 3362 quod
939 3283 1009 3344 sede
1030 3289 1098 3344 ante
1121 3281 1175 3344 hos
1197 3299 1306 3361 paucos
1329 3299 1424 3343 annos

284 3389 398 3444 mutata
420 3400 459 3444 ne
482 3401 532 3444 eos
548 3382 669 3463 quidem
691 3380 792 3454 libros,
815 3380 921 3460 quibus
937 3399 1010 3442 usus
1026 3397 1116 3454 eram,
1139 3397 1315 3460 recuperare
1330 3380 1422 3460 potui

369 3481 526 3564 Reliquum
556 3490 602 3544 est
630 3488 662 3542 ut
687 3480 737 3553 iis,
766 3479 872 3560 quibus
901 3500 967 3542 mea
994 3480 1026 3542 iu
1053 3487 1140 3560 poeta
1162 3481 1207 3542 rei
1235 3480 1423 3542 emendando

285 3583 330 3645 rel
351 3581 573 3662 interpretando
594 3599 681 3660 opera
704 3577 826 3660 probata
850 3580 897 3655 sit,
920 3596 1018 3671 ‹puttrn¹
1032 3597 1154 3660 possum
1178 3580 1319 3644 maximas
1341 3598 1424 3659 agam

286 3682 403 3763 gratias.

372 3813 479 3875 Datum
503 3808 760 3889 Wongrovico.
