3248 5142
192 598 264 652 sunt
279 599 401 660 temere,
422 604 515 666 quum
531 584 742 664 praecedentes
758 599 860 641 versus
875 596 937 639 non
953 577 1209 654 intellegerentur,
1231 571 1337 632 addita.

193 691 319 752 Schema
340 688 419 750 enirn
440 683 645 766 responsionis
666 701 710 741 xv.
730 677 895 742 135-168
916 677 973 738 hoc
992 683 1037 736 est

328 815 417 876 Chor.
561 809 666 888 Neopt.
897 803 984 864 Chor.
1133 799 1240 877 Neopt.

294 912 409 993 stroph.
424 908 456 971 α’
555 927 610 969 sex
625 925 669 968 rr.
864 903 980 964 antistr.
997 895 1028 960 α’
1127 917 1178 960 sex
1194 915 1240 958 rr.

362 993 1183 1100 Q]

278 1211 324 1254 rr.
350 1187 412 1250 290
432 1203 478 1263 sq.
532 1178 693 1240 Philocteta
731 1192 824 1254 quum
855 1173 1056 1235 conditionem
1087 1195 1172 1236 suam
1203 1175 1340 1236 miseram

194 1291 286 1353 choro
309 1292 425 1356 narrat,
451 1282 530 1342 inter
555 1277 610 1338 alia
636 1293 712 1354 quae
738 1291 807 1334 eum
830 1272 974 1334 vexabant
1001 1274 1075 1334 mala
1102 1275 1186 1353 pedis
1213 1273 1341 1336 ulcerosi

194 1388 405 1470 impedimenta
421 1377 551 1460 exponit
587 1375 686 1447 Quum
703 1373 781 1434 enim
797 1371 890 1432 leram
912 1371 1039 1451 aliquam
1061 1374 1166 1452 sagitta
1188 1375 1343 1436 cecidisset

597 1478 696 1556 αὐτὸς
717 1479 759 1545 ἂν
780 1475 895 1555 τόλας,
917 1483 1023 1563 inquit,

297 1590 455 1675 εἶλνόμην
477 1583 675 1664 δύστηνος
697 1579 836 1653 ἐξέλκων
858 1577 960 1642 πόδα.

199 1706 367 1790 Δόστηνος
395 1703 503 1783 falsum
533 1715 600 1758 esse
626 1693 822 1756 consentiunt
848 1713 892 1752 rr.
912 1693 961 1753 dd.
988 1693 1025 1754 ad
1052 1711 1147 1756 unum
1176 1713 1283 1756 omues
1312 1704 1343 1754 et

196 1809 378 1871 lenissimam
394 1798 512 1864 (lauteri
539 1793 737 1858 mutationem
764 1786 926 1874 δύστηνον
945 1803 1131 1872 receperunt.
1159 1794 1224 1866 Qua
1250 1793 1341 1854 lenis.

196 1909 271 1968 sima
297 1902 464 1966 mutatione
487 1900 571 1958 locus
597 1909 658 1954 non
676 1890 862 1963 emendatur,
888 1889 941 1950 sed
956 1890 1142 1970 depravatur.
1174 1887 1343 1972 Δόστηνος

197 2007 277 2067 eninr
303 2000 482 2064 adiectirum
508 1993 577 2055 inde
603 1991 640 2052 ab
659 1990 790 2051 Homero
816 1989 935 2068 proprie
960 1988 997 2050 de
1021 1990 1193 2055 hominibus
1217 1989 1343 2060 miseris,

196 2115 261 2167 mm
278 2111 311 2165 ut
325 2100 500 2161 Latinorum
517 2093 607 2153 miser
626 2089 664 2150 de
683 2087 783 2160 rebus,
803 2087 1022 2150 conditionibus
1036 2089 1112 2163 sirm,
1135 2089 1258 2150 minime
1273 2106 1343 2150 vero

196 2207 234 2267 de
249 2201 382 2282 corporis
396 2193 540 2258 membris
556 2198 677 2269 excepto
692 2187 751 2248 hoc
776 2203 837 2246 uno
861 2186 928 2246 loco
951 2185 1070 2248 dicitur.
1099 2187 1203 2266 Neque
1217 2196 1343 2266 propter

196 2305 261 2366 eius
287 2301 345 2362 rim
372 2295 492 2359 insitam
517 2292 556 2352 de
581 2305 707 2367 corpore
733 2286 856 2363 eiusque
880 2283 1013 2363 partibus
1034 2285 1092 2346 dici
1117 2293 1224 2364 potest
1255 2284 1343 2357 Quod

196 2420 290 2484 mum
305 2399 346 2460 ita
360 2397 410 2469 sit,
430 2390 624 2454 statuendum
646 2396 692 2448 est
714 2385 861 2464 glossema
880 2380 917 2443 ab
938 2383 1036 2463 aliquo
1050 2383 1087 2444 ad
1102 2381 1204 2456 τάλας
1218 2382 1343 2460 margini

198 2500 380 2579 adscriptum
396 2500 499 2574 postea
514 2488 610 2550 textui
623 2486 735 2548 illatum
751 2500 826 2555 esse,
845 2499 905 2562 quo
920 2481 1075 2544 attributio
1090 2482 1225 2544 nominis
1238 2475 1345 2553 ποδός

198 2598 319 2678 expulsa
344 2594 393 2655 sit
433 2590 515 2662 Quae
540 2585 635 2666 qualis
658 2583 764 2654 fuerit,
796 2581 881 2642 facile
906 2581 1075 2644 coniectura
1101 2582 1219 2662 assequi
1246 2589 1344 2660 potes.

197 2697 266 2759 Fuit
287 2693 367 2755 enim
388 2677 582 2765 ἀλγεινός
601 2701 658 2744 vox
673 2700 690 2742 a
705 2680 853 2760 Sophocle
868 2681 989 2754 usitata,
1013 2680 1145 2744 dolore
1167 2680 1346 2744 alliciens

198 2796 259 2858 scil.
275 2791 480 2855 Philoctetam.
511 2780 710 2846 Scribendum
727 2779 816 2857 igitur
830 2786 930 2840 statuo

300 2897 458 2980 ελλνόμην
479 2888 680 2971 ἀλγεινόν
700 2887 840 2960 ἐξέλκων
860 2882 963 2950 πόόα.

284 3035 328 3076 rr.
344 3011 479 3089 691sqq.
516 3002 712 3066 vexatissimo
734 3000 771 3062 ab
797 2999 906 3062 criticis
931 3002 1063 3062 carmine
1087 3009 1174 3080 poeta
1198 3001 1344 3062 audituris

199 3117 379 3179 Philoctetae
409 3115 519 3170 sortem
549 3105 581 3166 in
611 3102 707 3164 insula
737 3099 852 3160 Lemno
886 3099 1034 3160 infelicem
1065 3109 1154 3180 atque
1183 3099 1343 3160 desolatam

198 3213 329 3296 exponit,

293 3319 350 3389 'lv’
372 3315 469 3391 αὐτὸς
491 3311 529 3401 ἦν
550 3311 737 3398 πρόσουρος
759 3304 819 3372 οὖν
841 3305 925 3388 ἔχων
947 3309 1049 3392 βάσιν

300 3419 379 3486 odda
399 3417 464 3484 τιν’
488 3418 632 3500 ἔγχωρον
654 3416 880 3493 κατογείτονα,

300 3517 381 3603 παρ’
404 3511 432 3603 ᾧ
453 3517 571 3582 στόνον
592 3509 774 3580 α’ντλτνπον

299 3619 496 3704 βαρυβρωτα
519 3613 611 3679 πόδα
632 3606 805 3676 κλαύσειεν
829 3606 1022 3691 αἱματηρόν.

198 3739 295 3800 Locus
316 3755 332 3796 a
354 3731 460 3812 quovis
478 3729 677 3808 interpretum
698 3733 832 3787 tentatus
853 3731 898 3785 est
918 3740 1015 3800 neque
1030 3719 1127 3780 adhuc
1141 3723 1222 3778 certo
1238 3735 1345 3778 ernen-

199 3839 294 3900 datus.
323 3835 458 3896 Fuerunt
472 3828 522 3909 qui
539 3821 636 3899 αὐτός
652 3833 680 3885 et
696 3820 883 3906 πρόσουρος
898 3821 1079 3898 coniungere
1099 3817 1216 3888 vellent,
1235 3823 1270 3876 ut
1288 3815 1343 3876 sihi

199 3935 313 3996 vicinus
341 3931 504 3993 Philocteta
534 3925 658 3987 dicatur.
703 3923 762 3984 Sed
791 3931 856 3984 tum
884 3919 1056 3982 addendum
1086 3923 1150 3977 erat
1179 3909 1286 3996 ἑαυτῷ
1314 3921 1345 3974 et

200 4031 330 4094 abundat
344 4024 453 4102 αὐτός.
478 4028 515 4089 ci.
529 4023 650 4086 Luciani
658 4021 777 4082 Timon.
790 4041 814 4082 c.
828 4019 868 4080 43
883 4009 989 4098 ἑαυτῷ
1003 4017 1121 4092 γείτων
1142 4014 1198 4073 καὶ
1214 4008 1344 4094 ὅμορος.

200 4128 412 4210 Explicandum
438 4127 528 4207 igitur
553 4132 599 4185 est
624 4140 693 4182 cum
718 4120 875 4181 scholiasta
901 4125 931 4178 et
957 4114 1106 4196 plerisque
1131 4111 1345 4190 interpretibus

200 4244 367 4308 pronomen
393 4219 490 4297 αὐτός
516 4240 572 4303 per
595 4216 705 4302 μόνος.
733 4218 822 4292 Quod
848 4215 912 4278 fieri
930 4233 1021 4294 posse
1036 4211 1162 4272 Carallin
1177 4219 1275 4288 negat
1308 4211 1345 4270 nt

200 4336 232 4388 et
245 4323 415 4406 principalis
436 4320 622 4402 pronominis
642 4318 686 4378 ris
708 4323 739 4377 et
759 4333 833 4378 usus
852 4313 932 4394 apud
952 4312 1112 4391 scriptores
1127 4308 1255 4368 Graecos
1271 4324 1344 4367 con-

199 4425 325 4488 trarium
340 4420 491 4484 evincunt
525 4415 636 4492 Αὐτός
650 4416 731 4479 enim
747 4415 757 4474 i
763 4433 829 4495 pse
844 4420 901 4485 est,
915 4411 978 4473 scil.
992 4427 1055 4472 uon
1070 4407 1129 4482 alii,
1148 4406 1168 4466 i.
1186 4427 1212 4468 e.
1227 4406 1343 4478 solus,

200 4525 238 4586 ci.
253 4522 341 4585 llom.
357 4521 389 4581 ll.
405 4518 469 4579 Vlll
482 4537 510 4578 r.
526 4516 568 4577 99
