3248 5142
670 397 891 462 ..23-

212 577 322 640 Herod.
337 576 387 650 ΙΙΙ,
402 595 427 638 c.
445 573 495 646 42,
523 573 593 636 τίν’
612 569 649 636 dl
684 569 728 646 τίς
761 570 886 656 ἐσῆλθε
909 575 1007 636 θετον
1035 572 1122 637 εἶναι
1145 571 1181 634 τὸ
1206 570 1353 654 πρῆγμα,

210 667 333 758 γράφει
349 683 416 748 etc,
438 673 486 734 vll
501 692 527 734 c.
542 672 592 746 tu,
608 671 733 755 ἐσῆλθε
747 668 809 752 γάρ
830 691 872 753 ps
890 667 1111 753 λογισάμενον
1132 679 1354 751 κατοικτεῖραι

212 769 255 847 οἷς
277 764 401 856 βραχάς
434 772 484 853 εἴη
518 766 536 834 ὁ
570 771 636 844 πᾶς
670 765 885 854 ἀνθρώπινος
907 771 993 851 βίος,
1028 766 1216 840 villetta,
1239 766 1296 831 τὸν
1318 765 1355 830 δὲ

212 867 400 936 ἀκούσαντα
426 868 551 953 ἐσῆλθε
577 863 697 934 αὐτίκα
720 865 762 944 ὠς
785 870 837 953 εἴη
859 870 954 952 τέρας
983 866 1039 929 καὶ
1061 869 1159 951 φέροι
1186 888 1229 930 τι.
1273 867 1355 930 Thu·

210 972 275 1051 eyd.
291 971 327 1033 ΙΙΙ
342 990 367 1032 c
384 969 434 1043 61,
458 966 664 1052 παρεστάναι
687 967 725 1032 δὲ
746 966 882 1052 μηδενὶ,
906 963 950 1042 οἷς
973 963 1005 1030 οἳ
1028 965 1087 1050 μὲν
1110 966 1243 1048 Δωριῆς
1265 960 1356 1049 ἡμῶν

211 1067 368 1152 πολέμιοι
390 1077 461 1142 cete
478 1063 694 1150 Ἀθηναίοις,
724 1066 761 1131 τὸ
785 1065 822 1131 δὲ
845 1063 1053 1132 Χαλκιδικὸν
1080 1064 1119 1152 τῇ
1137 1061 1219 1128 Ἰάδι
1243 1062 1355 1143 ξυγγε-

211 1172 283 1246 νείᾳ
297 1163 457 1250 ἀσφαλές,
481 1187 505 1230 c
522 1168 574 1239 95,
591 1166 745 1255 παραστῇ
766 1165 804 1230 δὲ
819 1163 935 1249 μηδενὶ
955 1159 1058 1249 ὑμῶν,
1082 1161 1126 1238 άς
1141 1161 1177 1227 ἐν
1197 1165 1236 1252 τῇ
1259 1159 1356 1228 ἄλλο·

210 1271 287 1351 τρία
309 1262 348 1330 οὐ
371 1264 541 1351 προσῆκον
562 1257 704 1330 τοσόνδε
725 1264 879 1330 κίνδυνον
902 1259 1186 1348 ἀναρῤιπτοῠμεν,
1209 1263 1246 1325 ΙΙΙ
1262 1283 1288 1326 o.
1305 1263 1354 1333 78,

212 1365 267 1430 καί
290 1367 321 1430 τί
342 1387 388 1448 τῳ
411 1361 476 1448 ἄρα
499 1367 683 1448 παρέστηκε
709 1363 767 1428 τὸν
788 1363 849 1448 μὲν
870 1359 1088 1444 Ουρακόσιον,
1120 1358 1238 1426 ἑαυτὸν
1259 1357 1294 1425 d'
1319 1357 1356 1426 οὒ

210 1463 377 1548 πολέμιον
398 1465 485 1528 εἶναι
500 1465 547 1548 τῷ
559 1457 740 1548 Ἀθηναίῳ.
769 1464 904 1544 Xenoph.
922 1481 1047 1526 memor.
1064 1463 1146 1526 Socr.
1163 1464 1200 1525 ΙΙΙ
1216 1483 1240 1526 c.
1257 1464 1276 1525 3
1293 1468 1311 1540 ξ
1328 1461 1356 1532 3,

211 1562 273 1648 ἤδη
297 1557 380 1628 ποτέ
400 1580 455 1626 σοι
471 1561 621 1647 ἐπῆλθεν
636 1561 873 1648 ἐνθυμηθῆναι
879 1589 891 1642 ,·
913 1562 987 1626 Plat.
1003 1562 1113 1626 Phaed.
1129 1583 1158 1643 p.
1174 1563 1255 1636 5813,
1271 1555 1355 1624 aiore

209 1685 269 1746 μοι
302 1661 427 1728 ἐκεῖνον
449 1665 681 1746 παρίστασθαι
704 1655 782 1746 μηδ’
807 1662 855 1736 είς
876 1656 992 1726 Ἅιδου
1026 1657 1120 1726 ίόντα
1156 1658 1234 1724 ἄνευ
1257 1663 1356 1734 θείας

210 1765 330 1846 μοίρας
364 1760 463 1840 ἰέναι,
497 1761 620 1844 ρ.88(1,
642 1760 698 1824 καί
718 1761 783 1846 γάρ
805 1754 909 1826 αὐτόν
930 1783 971 1844 με
994 1757 1052 1824 νῦν
1085 1754 1271 1824 ἀκούσαντά
1295 1776 1356 1824 σοο

210 1863 363 1928 τοιοῦτον
385 1885 417 1924 τι
446 1859 554 1939 λέγειν
583 1860 666 1944 πρὸς
693 1859 835 1944 ἐμαυτὸν
863 1853 1047 1944 ἐπέρχεται.
1093 1861 1192 1942 Symp.
1209 1879 1240 1940 p.
1257 1859 1316 1922 197
1325 1859 1356 1931 C,

210 1956 384 2043 ἐπέρχεται
411 1953 449 2024 δέ
474 1963 533 2043 μοί
560 1985 592 2022 τι
621 1959 678 2023 καὶ
708 1957 868 2044 ἔμμετρον
895 1959 1014 2024 εἰπεῖν.
1060 1959 1133 2024 Cum
1165 1959 1252 2040 igitur
1280 1977 1355 2040 quae·

211 2062 297 2124 citavi
320 2061 407 2124 rerba
429 2060 596 2122 subiectum
625 2061 771 2123 infinitivo
799 2060 842 2122 rel
869 2067 931 2123 tota
954 2059 1159 2122 enuntiatione
1182 2078 1355 2139 expressum

212 2159 297 2240 sequi
319 2161 479 2239 patiantur,
503 2159 637 2222 dubitare
653 2177 715 2222 uon
730 2177 888 2238 possumus
909 2158 981 2238 quin
1004 2155 1091 2236 ἔχειν
1112 2166 1191 2222 recte
1213 2159 1271 2221 hoc
1292 2159 1356 2220 loco

83 2315 88 2320 .
213 2260 249 2322 de
279 2257 425 2320 sententia
453 2257 654 2337 praedicatum
682 2257 727 2318 sit.
773 2257 891 2320 Etenim
917 2257 943 2318 si
971 2257 1096 2320 chorum
1126 2257 1168 2319 sic
1195 2257 1275 2338 loqui
1304 2277 1356 2319 vo-

211 2357 324 2431 luisset,
346 2364 450 2436 poctae
466 2372 646 2436 componere
667 2355 799 2418 licuisset
814 2353 988 2440 ἐπέρχεταί
1003 2376 1074 2438 μοι,
1099 2355 1281 2438 εἰσέρχεταί
1303 2379 1356 2440 με,

212 2457 417 2538 παρίσταταί
439 2475 498 2537 μοι
521 2450 650 2537 μήποτε
677 2450 782 2518 πελᾶν
804 2451 868 2518 κτὲ.
912 2455 977 2518 Nou
1007 2463 1109 2518 autem
1131 2456 1219 2528 haec,
1247 2457 1298 2518 scd
1327 2475 1358 2516 se

206 2554 306 2630 ‚teneri
337 2573 370 2618 ea
397 2555 544 2618 sententia
566 2555 585 2616 i.
608 2575 633 2616 e.
656 2573 689 2616 sc
718 2555 866 2618 confidere
888 2574 904 2616 a
927 2555 1019 2617 choro
1048 2555 1234 2636 pronuntiari
1255 2553 1356 2618 voluit.

212 2653 315 2734 ltaque
335 2671 461 2734 prorsus
483 2653 635 2716 adsentior
656 2654 828 2718 Hermanno
851 2655 1019 2718 adnotanti:
1045 2661 1121 2718 ‘non
1143 2662 1189 2717 est
1211 2655 1357 2716 omissum

213 2753 261 2814 hic
283 2770 393 2816 nomen
417 2752 504 2832 quale
527 2760 572 2813 est
594 2749 723 2826 ἔννοια,
752 2753 803 2814 sed
830 2753 893 2833 ipsa
924 2755 978 2824 illa
1002 2753 1139 2834 cogitatio
1163 2754 1369 2835 sequentihus,

212 2852 309 2915 verbis
332 2869 468 2931 expressa
490 2859 546 2912 est.
590 2851 656 2912 Non
684 2860 728 2912 est
755 2851 844 2930 igitur
871 2852 1075 2932 recipiendum
1106 2871 1172 2914 cum
1199 2852 1357 2924 Wundero‚

213 2950 351 3022 Nanclrio‚
376 2950 493 3012 Wollfio
516 2946 646 3032 θάρσος
668 2951 713 3012 vel
735 2946 881 3031 θράσος,
905 2969 1085 3031 quamquam
1109 2952 1154 3014 vel
1176 2951 1302 3014 maxime
1323 2971 1357 3014 eo

213 3048 448 3118 commendatur,
472 3048 551 3126 quod
573 3049 605 3109 in
628 3048 766 3127 strophae
789 3067 875 3110 versu
898 3049 948 3128 qui
972 3050 1135 3128 respondet
1157 3042 1276 3114 ὕπεστί
1299 3072 1357 3132 μοι

212 3139 344 3230 θράσος
365 3145 483 3226 legitur.
521 3146 580 3208 Sed
604 3164 695 3225 quum
718 3147 755 3209 iis
778 3166 852 3229 quae
875 3165 963 3228 supra
985 3148 1106 3228 exposui
1121 3149 1263 3230 probasse
1286 3151 1357 3212 mihi

212 3246 314 3308 videor
334 3244 480 3306 traditum
503 3238 539 3325 μ’
563 3241 631 3323 ἔχει
653 3246 818 3309 rectissime
847 3265 880 3308 se
908 3245 1014 3308 hahere
1037 3254 1067 3310 et
1090 3242 1219 3329 θράσος
1241 3257 1357 3312 tantum

212 3345 243 3406 in
266 3343 441 3424 apographis
456 3343 637 3418 inveniatur,
659 3363 749 3408 causa
765 3363 825 3407 nou
842 3354 887 3408 est
903 3346 983 3424 quod
999 3346 1186 3428 recipiamus,
1209 3355 1242 3408 ut
1264 3348 1357 3426 legem

211 3445 289 3507 illam
317 3451 472 3523 poetarum
501 3462 560 3523 qua
588 3443 709 3526 ‘pariles
739 3444 771 3507 in
797 3444 949 3525 parilibus⁴
966 3445 1037 3508 locis
1068 3465 1151 3510 voces
1179 3447 1300 3526 stropha
1329 3457 1358 3510 et

213 3541 399 3622 antistropha
420 3541 590 3622 recipiunt'‚
613 3543 682 3605 huic
703 3543 769 3605 loco
790 3542 962 3608 inieramus.
1001 3545 1086 3608 uliud
1109 3547 1189 3608 enim
1212 3555 1259 3608 est
1281 3546 1357 3608 hanc

213 3639 309 3720 legem
332 3638 469 3700 traditam
497 3640 652 3704 ohservare
680 3643 725 3703 rel
748 3662 765 3704 e
787 3643 963 3706 certissimis
985 3644 1113 3723 vestigiis
1142 3645 1173 3706 in
1203 3645 1267 3708 loco
1290 3663 1356 3708 cor·

213 3746 301 3820 rupto
322 3736 491 3809 restituere,
514 3739 591 3801 aliud
615 3758 686 3800 sano
709 3740 753 3800 vel
776 3741 860 3802 aliter
883 3742 966 3804 lacile
987 3743 1120 3804 sanando
1143 3742 1300 3806 inculcare.

297 3838 446 3900 Lacunam
471 3838 550 3899 enim
571 3838 650 3900 illam
666 3838 758 3902 trium
774 3840 960 3919 syllabarum.
983 3860 1071 3923 quam
1088 3843 1146 3904 hoc
1167 3842 1231 3906 loco
1253 3843 1356 3906 adesse

205 3939 414 4020 ,antistrophac
447 3935 535 3998 rerba
570 3937 746 4012 ostendunt,
780 3939 954 4004 eParisino
975 3941 999 4000 Α
1022 3940 1164 4020 particula
1197 3937 1242 4024 μή
1275 3963 1357 4004 ποτε

212 4040 314 4104 iterata
337 4035 480 4118 explenda
502 4044 556 4098 est.
595 4037 626 4100 Id
650 4038 728 4117 quod
744 4038 819 4100 Rud.
836 4058 954 4120 quoque
972 4039 1135 4102 Schneider
1150 4041 1247 4106 annal.
1264 4042 1354 4106 schol.

212 4139 308 4202 Berol.
332 4157 403 4201 ns.
422 4133 503 4199 1878
524 4157 554 4218 p.
576 4137 638 4198 119
660 4137 775 4216 prohat.
820 4138 944 4200 Multum
980 4138 1059 4200 enim
1093 4138 1278 4218 geminatum
1311 4137 1357 4223 μή

212 4259 294 4302 ποτε
316 4239 352 4300 ad
376 4238 540 4318 augendam
557 4236 701 4300 orationis
717 4237 774 4299 vim
797 4246 828 4302 et
849 4237 1020 4317 gravitatem
1044 4239 1118 4302 valet
1137 4256 1233 4317 neque
1249 4239 1356 4302 desunt

213 4337 345 4418 exempla
356 4337 515 4400 verborum
527 4358 544 4400 a
555 4336 748 4399 Laurentiani
759 4337 887 4408 librario,
899 4335 923 4398 si
936 4337 981 4400 his
993 4336 1147 4400 scribenda
1160 4347 1251 4410 erant,
1265 4341 1354 4402 semel

210 4437 399 4510 omissorum,
423 4438 460 4498 cl.
476 4439 518 4499 ΕΙ.
534 4458 560 4498 v.
581 4436 670 4507 1234,
687 4437 762 4500 Phil.
779 4456 806 4498 r.
822 4437 883 4500 829
900 4444 955 4500 etc.
999 4438 1041 4500 lle
1062 4436 1188 4501 Parisiui
1212 4438 1233 4498 Α
1257 4446 1354 4500 autem

212 4536 388 4602 auctoritate
403 4536 441 4600 oi.
458 4556 533 4618 quae
548 4537 632 4601 initio
647 4537 736 4600 lihelli
752 4556 788 4598 ex
805 4536 977 4600 Schneideri
992 4537 1137 4600 sententia
1154 4537 1353 4617 exposuimus.
