3248 5142
766 419 983 480 -52-

300 596 408 654 Verum
438 593 586 673 posterius
617 592 783 668 membrum
814 591 864 670 πᾷ
891 591 947 654 καὶ
970 593 1025 654 θῶ
1052 611 1149 674 neque
1172 595 1318 656 sententia
1341 611 1437 675 neque

300 711 355 754 usu
379 691 538 771 particulae
561 694 618 752 καλ
641 693 711 756 ferri
734 700 842 773 potest.
887 693 963 754 Tum
986 692 1172 766 adiectirunu
1202 693 1280 772 quod
1306 693 1437 774 proxime

299 791 445 870 sequitur,
474 788 589 870 λέχρια
616 791 737 852 verbum
768 793 897 872 postulat
918 791 1087 871 significans
1110 791 1267 871 applicare,
1297 791 1438 852 inclinare

300 908 332 950 se
359 890 390 951 in
416 888 555 969 aliquem.
599 889 701 969 ltaque
728 891 880 969 Musgrare
907 907 1001 971 paene
1028 890 1106 952 nulla
1135 891 1301 954 mutatione
1329 888 1438 954 κλιθῶ

299 1007 353 1067 pro
376 985 431 1048 καὶ
454 986 510 1048 θῶ
538 989 667 1050 restituit
695 991 756 1050 lere
784 989 924 1050 omnibus
947 1010 991 1050 vv.
1015 990 1063 1052 dd.
1086 989 1254 1070 probatum.
1299 989 1367 1062 Quo
1389 1008 1438 1051 re-

299 1088 551 1168 ceptofltententia
574 1088 621 1148 lit:
645 1095 714 1168 ‘quo
737 1089 873 1167 applicem
888 1089 907 1149 i.
924 1108 948 1148 e.
966 1089 996 1149 in
1019 1106 1106 1168 quem
1129 1107 1179 1149 me
1199 1087 1350 1162 inclinem,
1374 1107 1438 1150 cum

298 1185 439 1247 inclinate
460 1190 572 1247 iaceant
587 1206 658 1266 quae
676 1191 707 1248 ira
729 1187 859 1248 mortibus
882 1198 959 1249 teneo
981 1197 1007 1248 et
1021 1188 1203 1250 intolerando
1224 1189 1288 1266 sote
1307 1187 1437 1266 afflictus

298 1283 374 1345 sim’.
419 1284 543 1348 Restant
563 1285 650 1364 igitur
672 1286 855 1348 emendanda

399 1416 469 1501 ὅπᾳ
491 1419 576 1505 πρὸς
598 1419 739 1506 πότερον
761 1421 837 1499 ldae,

298 1561 328 1621 in
356 1559 462 1640 quibus
484 1560 581 1622 verbis
611 1571 661 1622 aut
693 1553 761 1640 ὅπᾳ
795 1571 845 1623 aut
877 1561 961 1643 πρὸς
995 1557 1136 1642 πότερον
1163 1559 1312 1622 abundant
1340 1579 1436 1640 neque

298 1661 444 1721 sententia
472 1659 637 1740 posteriori,
659 1661 792 1721 membro
826 1659 876 1738 πᾷ
902 1658 1011 1720 κλιθῶ
1043 1657 1213 1739 respondet.
1260 1659 1327 1720 Non
1356 1659 1435 1722 enim

299 1758 455 1820 dicendum
481 1769 526 1820 est
548 1779 564 1820 a
587 1759 725 1831 Creonte,
754 1767 854 1822 utrum
883 1768 1032 1821 mortuum
1062 1759 1172 1832 videat,
1208 1759 1259 1820 sed
1296 1777 1363 1838 quo
1397 1777 1435 1818 se

299 1865 436 1930 vertat,
460 1858 546 1919 simil.
591 1859 660 1919 Tale
683 1857 752 1938 quid
777 1857 947 1919 hominibus
970 1858 1133 1920 infelicibus
1156 1879 1190 1920 ae
1213 1857 1328 1918 miseris
1354 1856 1436 1936 quasi

297 1965 402 2017 natura
425 1951 548 2018 insitum
572 1976 637 2018 esse
660 1966 689 2019 et
709 1976 762 2036 per
784 1977 817 2018 se
839 1957 1018 2034 intellegitur
1040 1967 1071 2018 et
1092 1967 1224 2020 veterum
1257 1955 1435 2034 scriptorum
1464 1983 1467 1990 ·

296 2056 353 2117 loci
386 2057 556 2118 ostendunt.
596 2057 658 2118 uic.
693 2057 729 2118 de
763 2055 889 2117 oratlll
923 2075 947 2116 c.
963 2055 1003 2118 56
1032 2055 1131 2132 §att
1165 2078 1182 2118 e
1215 2055 1278 2116 Tib.
1313 2053 1435 2114 Gracchi

296 2153 439 2215 concione
470 2155 564 2235 abqua
599 2155 691 2216 fratre
723 2155 901 2234 interempto
935 2153 1031 2217 habita
1066 2157 1244 2217 afferuntur:
1282 2158 1355 2232 ‘quo
1386 2171 1433 2213 me

297 2253 387 2314 miser
408 2255 569 2329 conseram,
596 2274 654 2335 quo
685 2251 820 2316 vertam?
855 2255 939 2334 Apud
963 2253 1132 2335 Euripidem
1155 2254 1257 2316 Medea
1280 2273 1296 2315 a
1318 2251 1434 2313 Theseo

296 2351 436 2414 destituta
459 2352 720 2433 querulantur
743 2351 802 2415 νῦν
823 2361 886 2414 ποῖ
907 2346 1086 2435 equitumper
1092 2379 1103 2430 3
1139 2355 1233 2427 Quam
1256 2351 1433 2414 sententiam

295 2450 330 2510 ad
364 2450 487 2511 verbnm
520 2451 611 2512 latine
645 2451 791 2513 redditam
825 2451 927 2514 Cicero
961 2451 1030 2513 ibid.
1053 2473 1078 2513 o.
1095 2450 1135 2513 58
1159 2451 1255 2526 §217
1284 2469 1319 2513 ex
1348 2448 1433 2510 Ennii

295 2548 396 2610 Medea
430 2551 530 2611 allert:
567 2557 638 2631 ‘quo
665 2567 746 2611 nunc
776 2569 823 2611 me
852 2547 1003 2611 vortam?'
1047 2550 1205 2612 Sallustius
1233 2551 1263 2611 in
1294 2549 1433 2628 Iugurtha

296 2666 320 2707 c.
349 2648 387 2709 14
422 2652 440 2722 ξ
469 2650 507 2709 17
545 2647 740 2710 Adherbalem
776 2649 808 2710 in
844 2656 947 2710 senatu
978 2648 1111 2710 Romano
1146 2649 1316 2729 loquentem
1347 2647 1433 2708 lacit:

295 2753 370 2826 ‘quo
404 2747 538 2808 accedam
572 2755 622 2826 aut
650 2764 726 2828 quos
757 2743 937 2826 appelleml’
977 2747 1056 2808 Alios
1080 2747 1168 2808 Ennii
1190 2759 1293 2806 versus
1321 2744 1352 2803 iu
1375 2744 1432 2803 Cic.

295 2845 380 2906 Tusc.
405 2845 444 2905 lll
466 2864 490 2906 c.
509 2846 547 2906 19
571 2846 645 2918 §44
669 2845 748 2907 citati
770 2853 849 2916 sunt,
880 2845 931 2906 ubi
953 2845 1159 2906 Andromacha
1182 2843 1340 2904 Hectoreae
1370 2842 1432 2919 opis

296 2961 384 3022 egens
412 2945 584 3006 miseratur:
620 2950 693 3024 ‘quo
722 2944 861 3016 accidant,
890 2961 951 3024 quo
979 2940 1161 3024 appueemt'
1202 2943 1300 3015 Quum
1334 2948 1433 3002 autent

294 3035 365 3119 ὅπᾳ
401 3044 537 3123 sequenti
574 3042 624 3120 πᾷ
657 3044 768 3123 optime
805 3044 1002 3122 respondeat,
1040 3043 1232 3104 statuendum
1268 3047 1313 3100 est
1350 3036 1434 3119 πρὸς

295 3137 435 3224 πότερον
477 3144 778 3222 interpretamentum
823 3162 890 3206 ease
925 3143 1146 3222 ineptissimum
1183 3148 1271 3220 atque
1309 3138 1433 3200 maxime

293 3258 542 3322 supervacaneum
565 3241 601 3300 ad
625 3232 705 3318 ὅπᾳ,
734 3241 814 3320 quod
841 3241 980 3302 universe
1008 3241 1120 3302 dictum
1146 3239 1219 3301 lalso
1242 3239 1278 3300 ad
1303 3245 1432 3300 mortuos

294 3339 484 3402 referebatur.
534 3339 616 3412 Quae
649 3358 716 3400 cum
751 3340 790 3400 ita
823 3340 899 3414 sint,
933 3339 1230 3419 interpretamentum
1264 3336 1432 3406 delendum,

294 3435 356 3498 ἴδω
380 3447 552 3517 corruptum
576 3437 814 3510 emendandum,
843 3438 918 3498 aliud
946 3438 1066 3500 verbum
1090 3439 1187 3518 aptius
1218 3434 1432 3497 restituendum

187 3531 190 3535 ’
295 3544 348 3596 est.
394 3536 480 3608 Quod
510 3531 686 3615 προςπέσω
712 3535 805 3598 fuisse
832 3544 920 3616 atque
948 3534 1009 3598 ἴδω
1040 3543 1212 3618 corruptum
1242 3553 1307 3596 esse
1329 3553 1364 3595 ex
1388 3527 1433 3594 ἰῶ

288 3634 415 3695 conicio.
461 3633 588 3714 Recepto
619 3635 698 3696 enirn
728 3636 848 3696 voculae
878 3627 949 3714 ὅπᾳ
976 3636 1243 3716 interpretamento
1265 3643 1295 3696 et
1317 3641 1431 3694 remoto

293 3732 381 3795 verbo
409 3731 540 3814 antiquo,
570 3752 662 3814 quum
693 3735 867 3816 praedicatio
895 3735 1002 3814 prioris
1031 3734 1329 3814 interrogatiunculae
1351 3731 1432 3794 desi-

294 3833 453 3906 deraretur,
478 3825 519 3891 ut
543 3840 689 3894 mutatum
714 3835 813 3895 estin
837 3831 909 3894 ἴδω.
947 3834 1033 3906 erod
1057 3852 1092 3894 eo
1114 3833 1227 3894 facilius
1243 3832 1305 3892 fieri
1326 3829 1432 3912 potuit,

294 3931 372 4010 quod
403 3929 459 3992 iam
495 3927 603 3992 κλιθῶ
637 3932 668 3992 in
702 3931 757 3992 καὶ
788 3930 843 3992 θῶ
877 3941 1048 4011 corruptum
1077 3939 1153 4002 erat,
1186 3932 1286 4010 itaque
1312 3929 1431 4008 antiqua

293 4036 397 4108 poetae
441 4028 585 4090 sententia
627 4028 685 4090 iam
729 4030 815 4108 plane
859 4039 1028 4092 evanuerat.
1087 4029 1262 4108 ericunque
1299 4027 1432 4098 mutavit,

294 4145 412 4206 operam
450 4127 538 4190 dabat
580 4136 614 4188 ut
650 4128 776 4208 aliquem
814 4136 894 4189 certe
931 4146 1141 4208 quemcunque
1178 4145 1298 4190 sensum
1337 4125 1431 4186 verbis

294 4225 438 4286 redderet.
482 4226 543 4288 Iam
566 4227 745 4289 sententiam
769 4227 902 4290 Creontis
930 4227 1105 4290 condicione
1127 4226 1247 4305 diguam
1268 4225 1431 4287 restituisse

294 4323 366 4386 mibi
389 4325 504 4386 videor:

736 4430 807 4499 οὐδ’
831 4434 906 4514 ἔχω,

395 4526 465 4609 ὅπᾳ
488 4534 722 4616 προσπέσοι·
752 4531 797 4596 λῶ
821 4534 870 4612 πᾷ
892 4529 1018 4610 κλιθῶ·
