3248 5142
755 436 971 498 ..60-

296 620 407 690 quanto
430 612 562 690 graviora
586 612 672 673 verba
696 613 768 674 nihil
791 613 868 674 aliod
890 612 1083 692 significantia
1108 614 1250 676 inutiliter
1273 615 1347 676 illata
1362 615 1429 676 sint.

297 709 420 790 Scyllert
450 719 550 774 autem
581 707 741 794 δύστηνον
763 705 855 792 λέχος
885 714 921 773 de
950 711 1057 774 infelici
1084 730 1192 792 sponsa
1221 713 1431 792 interpretatus

297 804 392 892 εὐνήν
413 811 604 890 sepulturam,
632 830 721 891 quam
744 811 856 872 Haemo
885 819 948 873 erat
970 810 1144 884 amissurus,
1173 810 1338 891 siguificare
1360 829 1433 873 coo·

296 909 403 970 tendit:
428 914 512 970 ‘nam
536 929 664 989 sperare,
687 911 793 990 inquit,
815 909 940 972 debebat
962 911 1026 971 lore
1048 917 1082 972 ut
1104 918 1134 970 et
1157 910 1303 990 Antigona
1327 909 1434 990 etipse

296 1007 326 1068 in
349 1009 490 1088 spelunca
513 1007 659 1088 insepulte
680 1009 834 1071 iacereut'.
880 1009 936 1070 Sed
961 1027 1018 1089 quo
1041 1027 1073 1070 re
1097 1007 1207 1070 llaemo
1231 1009 1287 1070 hoc
1316 1027 1434 1089 sperare

297 1105 446 1184 debuerit,
480 1125 541 1168 non
572 1108 645 1170 dixit
665 1127 692 1168 v.
715 1108 743 1169 d.
793 1109 830 1168 Et
859 1107 1027 1169 mirandum
1054 1114 1101 1169 est
1130 1107 1310 1169 llaemonem
1338 1108 1434 1187 primo

298 1205 456 1283 ‘placidam
491 1207 632 1287 requietis
666 1207 766 1269 sedem
794 1207 932 1268 amissam
959 1205 1066 1287 queri',
1100 1206 1206 1268 delude
1236 1207 1326 1285 patris
1347 1207 1433 1281 laeta,

297 1312 360 1365 tum
391 1305 510 1368 demum
533 1324 673 1385 sponsam
702 1305 860 1378 infelicem,
895 1325 982 1385 quarn
1017 1305 1246 1384 amplectebatur
1274 1314 1432 1368 mortuam.

298 1403 402 1464 Nonne
425 1411 469 1466 est
491 1405 603 1466 iuvenis
626 1405 828 1477 amantissimi,
856 1412 888 1464 ut
910 1423 978 1466 cum
1000 1423 1110 1484 sponsa
1134 1405 1209 1465 mori
1233 1405 1322 1477 malit,
1345 1424 1433 1485 quam

298 1521 366 1563 curn
394 1504 603 1582 patrensem,
637 1511 756 1583 praeter
790 1509 887 1564 cetera
914 1520 1055 1582 sponsam
1087 1502 1226 1564 amissam
1260 1504 1304 1564 vel
1336 1504 1433 1584 potius

280 1601 505 1682 interemptam
524 1597 690 1685 (cellectio)
707 1599 829 1681 lugere?
860 1601 1045 1682 Relinquitur
1059 1601 1157 1679 *igitur
1180 1610 1212 1662 ut
1227 1602 1314 1663 verba
1337 1602 1434 1682 priora

298 1699 334 1760 de
357 1701 481 1780 coniuge
503 1702 681 1781 interempta
704 1709 735 1761 et
756 1699 813 1762 iarn
837 1701 913 1780 a'pud
936 1700 1046 1762 iuleros
1067 1709 1171 1780 agente
1192 1700 1432 1780 interpretemur.

297 1799 373 1859 Turn
397 1817 467 1861 vero
490 1792 651 1882 δύστηνον
673 1798 765 1877 λέχος
788 1799 861 1860 nihil
884 1798 941 1860 nisi
963 1798 1078 1860 iteratio
1100 1808 1146 1860 est
1169 1797 1325 1861 verborum
1342 1795 1435 1881 εὐνῆς

297 1897 352 1976 τῆς
379 1894 464 1960 κάτω
493 1897 639 1980 φθοράν(
684 1899 758 1960 Nam
787 1897 866 1978 quod
891 1897 981 1958 Wolll
1007 1895 1099 1975 λέχος
1130 1917 1182 1977 per·
1211 1898 1434 1961 matrimonium

299 1997 434 2076 explicat,
465 1997 535 2058 ferri
564 2016 624 2058 nou
647 2006 746 2077 potest
768 2004 890 2077 propter
912 2015 954 2070 ea,
979 1997 1063 2076 ¹quod
1087 1997 1277 2059 matrimonio
1300 1999 1433 2058 nondum

298 2095 416 2156 iunctus
438 2095 536 2157 luerat
557 2114 624 2157 cum
647 2096 794 2175 Antigona
816 2096 928 2157 Haemo
952 2103 980 2156 et
1002 2095 1198 2158 offensionem
1221 2096 1329 2158 hahent
1345 2096 1435 2176 patris

297 2194 371 2253 facta
405 2193 482 2255 inter
511 2195 665 2272 coniugem
696 2203 726 2256 et
754 2195 975 2256 matrimonium
1004 2194 1187 2274 interposita.
1233 2195 1308 2268 Quid
1336 2204 1434 2258 autem

298 2293 403 2372 aptius,
426 2293 495 2372 quid
518 2301 568 2355 aut
590 2293 750 2354 conditioni
773 2303 822 2356 aut
845 2294 944 2355 animo
962 2293 1128 2354 llaemonis
1142 2281 1367 2355 convenientius
1379 2293 1434 2355 dici

298 2401 395 2471 potest
420 2412 523 2474 quam:
554 2397 716 2473 ‘eoolupem
738 2397 945 2472 interemptum,
964 2397 1057 2472 putris
1077 2394 1167 2472 scoto,
1190 2401 1331 2454 sortem
1353 2411 1435 2454 soom

297 2492 441 2570 infelicent
464 2489 694 2571 deplorantem?
734 2494 791 2554 Pro
812 2486 903 2570 λέχος
925 2490 1016 2570 igitur
1038 2485 1162 2568 λάχος
1185 2490 1309 2552 restituo
1332 2509 1434 2552 vocem

299 2609 314 2650 a
339 2589 483 2669 Sophocle
511 2600 562 2650 aut
589 2590 626 2652 ab
648 2590 787 2670 Euripide
810 2591 1042 2660 nonusitatam,
1070 2608 1158 2669 quam
1183 2597 1280 2651 tamen
1303 2589 1337 2650 G.
1361 2590 1435 2651 ller-

300 2706 389 2748 mann
413 2698 441 2748 et
464 2688 590 2750 Dindorl
614 2691 710 2750 versui
741 2689 821 2750 1303
852 2690 911 2750 hui.
933 2688 991 2750 iah.
1020 2707 1073 2766 pro
1095 2683 1189 2765 λέχος
1215 2689 1345 2750 inserere
1375 2704 1435 2749 oon

301 2786 513 2848 dubitaverunt.
559 2789 596 2849 Et
617 2789 766 2850 invenitor
787 2788 842 2849 hac
865 2789 891 2848 vi
913 2789 1015 2850 Aesch.
1039 2791 1125 2852 Eum.
1149 2810 1173 2852 v.
1191 2790 1251 2852 310

326 2959 328 2963 .
400 2909 492 2983 λέξαι
514 2936 548 2974 τε
570 2909 650 2996 λάχη
674 2911 715 2975 τὰ
737 2906 809 2974 κατ’
832 2909 1034 2996 ἀνθρώπους

302 3048 332 3097 et
354 3038 445 3099 eiusd.
471 3038 530 3099 lab.
554 3059 599 3100 vv.
616 3038 677 3100 334
690 3058 733 3120 sq.

500 3163 596 3226 τοῦτο
618 3162 680 3247 γὰρ
704 3159 802 3241 λάχος
825 3161 982 3226 διανταία

401 3257 511 3342 ΜοῖρἸ
525 3261 717 3342 ’ἐπέκλωσεν
739 3260 891 3344 ἐμπέδως
914 3260 1010 3342 ἔχειν.

301 3384 432 3463 Theogn.
456 3405 499 3446 vv.
516 3385 576 3446 592
590 3407 632 3466 sq.

399 3494 524 3578 τολμᾶν
544 3497 614 3581 χρὴ,
636 3497 677 3559 τὰ
699 3497 832 3560 διδοῦσι
854 3496 931 3560 θεοὶ
955 3501 1113 3583 θνητοῖσι
1136 3502 1316 3581 βροτοῖσιν,

402 3593 537 3677 ῥηιδίως
560 3595 597 3660 δὲ
619 3599 731 3680 φέρειν
753 3589 949 3682 οἷμφοτέρων
970 3597 1006 3660 τὸ
1030 3592 1131 3676 λα’χος
1146 3607 1200 3660 etc.

387 3737 412 3776 v.
440 3716 527 3778 1281.
573 3720 678 3792 Creon,
702 3720 752 3800 qui
773 3721 865 3781 filium
889 3731 1039 3780 mortuum
1063 3721 1216 3799 amplexus
1241 3720 1350 3797 magnis
1371 3737 1437 3780 cum

302 3817 540 3877 miserationibus
569 3837 689 3878 scenam
717 3818 891 3898 ingreditur,
918 3837 970 3896 per
999 3819 1138 3879 nuntium
1161 3817 1267 3879 certior
1288 3818 1330 3888 fit,
1359 3818 1439 3879 domi

302 3933 372 3976 suae
394 3915 447 3976 alia
472 3917 544 3977 mala
567 3937 599 3978 se
624 3917 765 3979 visurum.
811 3915 987 3979 Perterritus
1009 3925 1093 3994 rogat

402 4045 433 4103 el
457 4037 488 4103 δ’
512 4039 601 4108 ἔστιν
623 4039 665 4106 αὖ
687 4041 801 4106 κάκιον
824 4039 843 4126 ἢ
865 4041 971 4104 κακῶν
994 4039 1040 4103 ἔτι
1047 4068 1058 4117 ,·

303 4172 397 4244 Quam
421 4169 691 4248 interrogationem,
714 4169 954 4250 quandoquidem
977 4163 996 4248 ἢ
1018 4165 1248 4246 comparativum
1264 4183 1330 4226 cum
1348 4185 1439 4244 gene-

303 4268 362 4328 tivo
385 4269 611 4348 comparationis
634 4268 773 4348 componi
800 4269 902 4346 nequit
932 4273 960 4328 et
982 4266 1155 4327 alterutrum
1179 4263 1296 4336 suflicit,
1325 4263 1439 4325 Boeclrh

304 4369 333 4428 in
363 4369 434 4429 duas
468 4375 567 4447 partes
600 4368 716 4437 dividit,
752 4383 877 4446 quarum
911 4363 1104 4445 posteriorem
1138 4363 1181 4424 sie
1211 4363 1437 4442 iuterpretatur:

305 4475 368 4528 ‘out
390 4467 456 4546 quid
479 4466 622 4528 melorum
642 4466 784 4548 relicuum
805 4463 881 4527 ταδ’
914 4463 971 4526 Sed
987 4463 1193 4526 Schneidewin
1209 4461 1319 4524 collatis
1335 4460 1438 4521 desch.

305 4566 405 4641 Agant.
430 4584 453 4624 v.
475 4563 547 4638 864,
577 4564 644 4626 Eur.
675 4565 743 4628 llec.
768 4584 792 4624 v.
812 4563 883 4634 233,
912 4563 982 4624 Tro.
1007 4583 1031 4624 v.
1049 4564 1109 4626 720
1137 4561 1294 4624 formulam
1325 4554 1440 4622 κάκιον
