3248 5142
744 404 962 468 ..20..

283 579 377 640 alieno
399 579 464 641 loco
486 580 648 641 inseruisse
675 588 708 641 'et
735 599 787 642 eos
816 580 865 660 qui
889 580 1010 661 Phrygis
1036 599 1193 660 personam
1222 591 1357 660 agerent,
1384 583 1422 644 cl.

281 678 372 739 schol.
389 678 426 738 ad
441 677 538 740 Orest.
554 697 597 739 vv.
617 677 779 759 lbddsqq,
801 687 836 740 ut
859 680 1014 742 commode
1028 698 1083 760 per
1105 681 1216 744 ostium
1239 681 1318 746 foras
1342 682 1422 744 exire

282 776 324 839 eis
346 777 455 854 liceret,
477 785 538 838 tres
561 777 708 840 affluxisse
731 778 862 841 senarios
885 779 974 842 hosce

380 868 478 949 otuu,
501 884 621 938 κτυπεῖ
641 875 704 959 γὰρ
727 875 858 965 κλῇθρα
879 875 1061 959 βασιλείων
1083 876 1209 960 δόμων,

379 968 544 1054 σιγήσατ’,
568 970 630 1046 ἔξω
653 971 714 1055 γάρ
736 997 787 1049 τις
809 973 954 1058 ἐκβαίνει
978 976 1129 1057 Φρυγῶν,

380 1063 419 1135 οὗ
441 1069 662 1156 πούσομεσθα
683 1068 744 1137 cciv
766 1071 884 1158 dripere
907 1069 999 1149 ὅπως
1021 1073 1099 1155 ἔχει,

280 1190 371 1252 quum
394 1191 427 1235 ea
449 1191 526 1252 quac
548 1181 716 1255 sequuntur
738 1175 815 1238 clare
843 1183 873 1238 et
894 1175 1045 1238 evidenter
1068 1175 1225 1240 ostendant
1247 1175 1284 1238 de
1305 1193 1422 1239 summa

279 1272 358 1351 regia
380 1271 486 1353 Phrygi
509 1273 708 1337 desiliendum
734 1274 839 1337 fuisse.
884 1275 937 1336 Cli.
959 1275 1137 1338 Valckenaer
1162 1275 1198 1336 ad
1218 1275 1288 1337 Eur.
1309 1274 1420 1338 Phoen.
1446 1331 1448 1338 .

279 1391 306 1432 v.
325 1371 415 1445 1266,
440 1372 542 1434 Cobeti
558 1391 652 1436 novae
666 1375 747 1436 lectt.
763 1393 814 1455 pp.
830 1373 891 1435 297
899 1393 964 1454 sqq.
1001 1375 1039 1436 Et
1053 1382 1157 1438 auctor
1172 1373 1339 1454 argumenti
1354 1375 1420 1438 eius

279 1471 402 1544 tabulae,
415 1471 463 1534 cui
473 1472 620 1534 Rhesus
636 1482 680 1535 est
692 1473 796 1535 titulus
809 1491 942 1554 quaeque
955 1474 1041 1552 rulgo
1053 1473 1186 1553 Euripidi
1198 1472 1271 1536 laiso
1283 1471 1419 1538 attribui-

278 1579 336 1645 tur,
351 1572 404 1634 sed
418 1572 476 1634 iam
489 1572 525 1634 ab
537 1573 705 1635 Hermanno
717 1581 797 1636 recte
808 1572 1000 1647 abiudicatur‚
1013 1574 1086 1636 duos
1098 1573 1188 1636 Rhesi
1200 1573 1337 1653 prologos
1349 1571 1421 1634 ferri

277 1670 373 1746 docet,
396 1689 523 1751 quorum
546 1673 675 1735 alterari
699 1674 835 1755 pedestre
856 1673 997 1753 loquendi
1019 1689 1112 1752 genus
1127 1673 1215 1752 plane
1238 1670 1420 1753 compositus

277 1787 375 1851 neque
398 1778 484 1851 poeta
506 1772 614 1852 dignus
642 1773 770 1834 fortasse
793 1771 829 1834 ab
851 1772 1046 1836 histrionibus
1070 1772 1222 1836 conlectus
1245 1771 1291 1832 sit.
1336 1773 1419 1846 Quae

275 1870 320 1930 vel
342 1869 469 1932 maxime
490 1871 723 1952 comprobantur
744 1891 779 1933 eo
802 1871 883 1952 quod
903 1872 941 1934 de
963 1871 1094 1952 Lycurgo
1118 1878 1235 1934 oratore
1258 1870 1419 1936 memoriae

275 1969 425 2050 proditum
449 1977 503 2031 est.
549 1971 611 2032 lloc
632 1971 711 2033 euim
735 1977 866 2044 anctore,
890 1989 982 2051 quum
1005 1971 1121 2034 fabulae
1136 1970 1279 2051 Aeschyli,
1302 1967 1418 2050 Sopho-

275 2069 337 2140 elis,
358 2068 506 2150 Euripidis
528 2069 559 2130 in
582 2070 645 2132 dies
669 2070 704 2132 ab
727 2069 922 2132 histrionibus
945 2080 1225 2152 corrumperentur,
1252 2069 1419 2151 interpola-

274 2175 389 2241 rentur,
404 2168 597 2232 Athenienses
613 2170 707 2248 legero
721 2177 893 2244 sanxerunt,
916 2174 966 2232 ‘ut
987 2171 1137 2252 coemptor
1151 2190 1254 2234 οοουυι
1271 2170 1418 2250 pubiicum

273 2271 305 2329 ιἰι
324 2268 469 2330 tobaleam
490 2279 688 2332 minueretur
720 2279 806 2350 utqooe
839 2270 933 2332 acribo
962 2271 1092 2351 publicos
1113 2274 1328 2351 quomescenpue
1349 2286 1418 2349 oye-

272 2375 375 2430 rentur
396 2379 525 2431 oetorum
539 2372 715 2432 recitationes
738 2387 802 2430 com
817 2369 909 2431 codice
924 2369 974 2432 illo
989 2368 1155 2450 consecret'.
1187 2370 1230 2432 Gi.
1246 2368 1295 2430 vit
1313 2368 1415 2430 decem

274 2473 359 2529 oratt.
374 2485 404 2546 p.
420 2463 524 2528 841E:
547 2465 605 2530 τὸν
620 2465 657 2530 δὲ
672 2467 746 2548 (scil.
761 2466 866 2552 νόμον
888 2459 1067 2550 εἰσήνεγκε)
1088 2461 1130 2540 οἱς
1144 2459 1267 2546 χαλκόις
1289 2461 1417 2538 εἰκόνας

273 2561 454 2629 ἀναθεῖναι
482 2565 547 2629 τῶν
580 2567 728 2650 ποιητῶν
759 2563 949 2647 Αἰσχύλου,
976 2561 1199 2649 Σοφοκλέους,
1229 2559 1416 2645 Εὐριπίδου

273 2663 329 2726 καὶ
355 2663 414 2738 τὰς
441 2663 628 2746 οραγοιδίας
650 2662 758 2731 αὐτῶν
784 2666 821 2732 ἐν
850 2665 951 2750 κοινῷ
978 2666 1213 2748 γραψαμένους
1238 2659 1416 2748 φυλάττειν

273 2761 410 2827 καὶτὸν
431 2764 488 2847 τῆς
511 2760 640 2838 πόλεως
666 2759 861 2850 γραμματέα
887 2759 1215 2846 παραναγιγνώσκειν
1235 2770 1307 2836 τοῖς
1327 2755 1415 2824 daro-

273 2864 493 2946 κρινομένοις·
517 2859 576 2926 οὐκ
597 2862 720 2936 ἐξεῖναι
735 2865 797 2948 γὰρ
813 2860 913 2936 αὐτὰς
936 2857 1190 2944 ὑποκρίνεσθαι.
1213 2861 1257 2926 Gi.
1273 2861 1307 2926 0.
1323 2860 1415 2934 Korn,

272 2963 310 3024 de
330 2961 448 3043 publico
472 2964 606 3045 Aeschyli
629 2965 785 3045 Sophoclis
806 2961 956 3044 Euripidis
983 2961 1150 3026 fabularum
1172 2960 1334 3042 exemplari
1355 2960 1415 3041 Ly-

272 3079 362 3140 curgo
384 3069 506 3125 auctore
528 3064 675 3144 conlecto.
719 3064 794 3126 Diss.
814 3063 913 3144 inaug.
930 3063 1015 3126 Boon
1031 3061 1122 3126 1864.
1154 3061 1230 3126 blus.
1244 3061 1329 3125 rhen.
1344 3079 1375 3124 n.
1390 3078 1414 3122 s.

274 3157 365 3236 1864,
388 3183 416 3243 p.
436 3162 578 3244 lbisqq,
609 3163 768 3239 Wecklein,
791 3183 838 3226 ars
862 3163 954 3244 Soph.
977 3163 1094 3228 emend.
1117 3183 1146 3244 p.
1172 3164 1284 3242 lbbsq.
1328 3160 1415 3224 Unde
1434 3187 1435 3192 ¹

272 3261 367 3341 colligi
390 3279 451 3323 non
473 3281 562 3343 posse
577 3271 667 3344 patet,
690 3263 905 3344 quodquidam
928 3262 1025 3342 colligi
1045 3262 1158 3339 volunt,
1180 3261 1213 3323 in
1235 3263 1294 3323 hoc
1314 3261 1415 3324 codice

271 3359 387 3440 publice
409 3360 519 3442 scripto
543 3361 722 3442 tragicorum
744 3361 912 3443 principum
940 3360 1053 3423 tabulas
1080 3360 1115 3424 ab
1137 3359 1414 3440 interpolationibus

272 3477 396 3540 prorsus
411 3459 518 3523 liberas
533 3461 690 3535 exstitisse,
713 3461 764 3522 sed
787 3465 904 3522 tantum
923 3458 954 3520 id
968 3459 1065 3539 colligi
1080 3459 1169 3522 debet
1183 3477 1282 3522 curam
1298 3459 1415 3540 publice

270 3559 402 3622 habitam
426 3579 502 3634 esso,
526 3569 560 3623 ut
582 3579 670 3642 quam
686 3558 813 3622 maxime
835 3557 943 3622 liberae
966 3567 1068 3621 essent
1085 3577 1160 3622 neve
1182 3559 1310 3642 amplius
1332 3566 1414 3623 acto·

269 3677 338 3720 rum
360 3661 480 3723 fraudes
509 3660 748 3722 inmiscerentur.
792 3658 885 3720 Cuius
910 3658 952 3721 rei
980 3667 1155 3738 argumento
1185 3668 1244 3735 est,
1274 3660 1352 3741 quod
1374 3677 1414 3721 ne

271 3767 385 3821 veteres
419 3759 540 3839 quidem
566 3757 754 3820 Alexandrini
788 3757 882 3820 critici
914 3757 955 3820 illi
987 3758 1164 3839 exemplari,
1197 3758 1277 3839 quod
1310 3763 1413 3837 postea

269 3859 474 3920 Alexandriam
489 3857 620 3921 delatum
635 3875 700 3918 esse
716 3856 827 3928 lerunt,
842 3856 1024 3920 ethelmus
1039 3857 1070 3919 in
1082 3857 1221 3938 Hippocr.
1234 3855 1361 3937 epidem.
1373 3853 1412 3918 lll

270 3965 429 4020 comment
453 3957 480 4018 ll
501 3974 530 4036 p.
555 3955 616 4018 607
640 3955 711 4019 edit.
734 3955 865 4029 lluehn,
892 3956 1003 4020 bonam
1032 3955 1199 4018 habuerunt
1225 3954 1329 4027 fidem,
1360 3954 1412 4018 sed

270 4073 384 4131 uersus,
415 4056 469 4134 qui
502 4055 633 4135 suspecti
667 4056 712 4118 vel
744 4055 787 4118 eis
820 4053 996 4118 videbantur
1027 4055 1073 4116 vel
1095 4061 1180 4116 antea
1204 4051 1295 4115 hahiti
1316 4063 1412 4130 erant,

271 4156 364 4219 obelis
385 4154 538 4216 notabant.
575 4154 618 4216 Gi.
633 4155 856 4218 scholiastamm
879 4155 1109 4234 Euripideomm
1131 4152 1301 4216 testimonia
1322 4173 1413 4236 supra

271 4273 295 4336 a,
310 4275 359 4318 me
379 4256 464 4316 allata
486 4261 515 4316 et
530 4255 760 4335 Sophocleorum
784 4256 820 4318 ad
835 4255 886 4317 οο.
903 4275 929 4315 v.
947 4254 1018 4327 237,
1041 4253 1109 4315 Ant.
1124 4271 1149 4314 v.
1166 4253 1217 4326 45,
1237 4253 1280 4316 Ai.
1297 4273 1322 4316 v.
1339 4254 1410 4318 841.

355 4354 398 4415 El.
413 4371 458 4414 rr.
474 4352 535 4416 363
543 4373 586 4433 sq.
617 4354 854 4435 Chrysothemidi
874 4353 971 4416 sorori
992 4353 1137 4427 hortatae,
1158 4359 1195 4415 ut
1214 4353 1334 4416 tandem
1355 4353 1412 4416 ali·-

270 4453 389 4530 quando
414 4452 527 4516 desinat
548 4453 647 4516 animo
669 4453 851 4533 imprudenti
873 4462 984 4516 temere
1007 4469 1123 4514 morem
1148 4471 1266 4532 gerere,
1296 4453 1411 4516 Electra

269 4553 443 4632 respondet:
473 4571 548 4634 qnae
571 4551 628 4616 sibi
652 4551 875 4633 exprobraverit
897 4568 997 4624 soror,
1025 4552 1232 4625 matrissuae,
1262 4572 1328 4618 eum
1353 4571 1411 4634 qua
