<?xml version="1.0" encoding="UTF-8"?>
<!DOCTYPE html PUBLIC "-//W3C//DTD XHTML 1.0 Transitional//EN"
    "http://www.w3.org/TR/xhtml1/DTD/xhtml1-transitional.dtd">
<html xmlns="http://www.w3.org/1999/xhtml" xml:lang="en" lang="en">
 <head>
  <title>
</title>
<meta http-equiv="Content-Type" content="text/html;charset=utf-8" />
  <meta name='ocr-system' content='tesseract 3.04.00' />
  <meta name='ocr-capabilities' content='ocr_page ocr_carea ocr_par ocr_line ocrx_word'/>
</head>
<body>
  <div class='ocr_page' id='page_1' title='image "./emendationeseti00muelgoog_0048.png"; bbox 0 0 3248 5142; ppageno 0'>
   <div class='ocr_carea' id='block_1_1' title="bbox 650 432 867 496">
    <p class='ocr_par' dir='ltr' id='par_1_1' title="bbox 650 432 867 496">
     <span class='ocr_line' id='line_1_1' title="bbox 650 432 867 496; baseline 0.005 -20"><span class='ocrx_word' id='word_1_1' title='bbox 650 432 867 496; x_wconf 72' lang='lat'><strong>...41-</strong></span> 
     </span>
    </p>
   </div>
   <div class='ocr_carea' id='block_1_2' title="bbox 188 605 1332 1683">
    <p class='ocr_par' dir='ltr' id='par_1_2' title="bbox 188 605 1332 1683">
     <span class='ocr_line' id='line_1_2' title="bbox 189 605 1327 693; baseline 0.009 -25"><span class='ocrx_word' id='word_1_2' title='bbox 189 608 316 670; x_wconf 91' lang='lat' dir='ltr'><strong>duorum</strong></span> <span class='ocrx_word' id='word_1_3' title='bbox 339 605 573 688; x_wconf 77' lang='lat' dir='ltr'><strong>participiorum,</strong></span> <span class='ocrx_word' id='word_1_4' title='bbox 594 608 646 670; x_wconf 84' lang='lat' dir='ltr'><strong>sed</strong></span> <span class='ocrx_word' id='word_1_5' title='bbox 670 607 818 672; x_wconf 90' lang='lat' dir='ltr'><strong>obiectum</strong></span> <span class='ocrx_word' id='word_1_6' title='bbox 834 610 954 672; x_wconf 89' lang='lat' dir='ltr'><strong>alterius</strong></span> <span class='ocrx_word' id='word_1_7' title='bbox 969 611 1115 691; x_wconf 85' lang='lat' dir='ltr'><strong>participii</strong></span> <span class='ocrx_word' id='word_1_8' title='bbox 1134 611 1241 693; x_wconf 74' lang='grc' dir='ltr'><strong><em>βιβῶν</em></strong></span> <span class='ocrx_word' id='word_1_9' title='bbox 1255 633 1327 678; x_wconf 88' lang='lat' dir='ltr'><strong>esse.</strong></span> 
     </span>
     <span class='ocr_line' id='line_1_3' title="bbox 190 706 1328 791; baseline 0.005 -21"><span class='ocrx_word' id='word_1_10' title='bbox 190 708 275 781; x_wconf 83' lang='lat' dir='ltr'><strong>Quae</strong></span> <span class='ocrx_word' id='word_1_11' title='bbox 296 706 494 786; x_wconf 72' lang='lat' dir='ltr'><strong>transgressio</strong></span> <span class='ocrx_word' id='word_1_12' title='bbox 517 707 598 770; x_wconf 93' lang='lat' dir='ltr'><strong>nullo</strong></span> <span class='ocrx_word' id='word_1_13' title='bbox 620 715 785 787; x_wconf 88' lang='lat' dir='ltr'><strong>poetarum,</strong></span> <span class='ocrx_word' id='word_1_14' title='bbox 809 716 841 770; x_wconf 90' lang='lat' dir='ltr'><strong>ut</strong></span> <span class='ocrx_word' id='word_1_15' title='bbox 863 726 925 772; x_wconf 90' lang='lat' dir='ltr'><strong>non</strong></span> <span class='ocrx_word' id='word_1_16' title='bbox 947 710 1042 772; x_wconf 83' lang='lat' dir='ltr'><strong>dicem</strong></span> <span class='ocrx_word' id='word_1_17' title='bbox 1065 729 1170 791; x_wconf 79' lang='lat' dir='ltr'><strong>prosae</strong></span> <span class='ocrx_word' id='word_1_18' title='bbox 1186 713 1328 776; x_wconf 87' lang='lat' dir='ltr'><strong>orationis</strong></span> 
     </span>
     <span class='ocr_line' id='line_1_4' title="bbox 190 801 1329 894; baseline 0.004 -24"><span class='ocrx_word' id='word_1_19' title='bbox 190 805 382 886; x_wconf 83' lang='lat' dir='ltr'><strong>scriptorum,</strong></span> <span class='ocrx_word' id='word_1_20' title='bbox 410 823 468 870; x_wconf 87' lang='lat' dir='ltr'><strong>usu</strong></span> <span class='ocrx_word' id='word_1_21' title='bbox 495 805 697 870; x_wconf 84' lang='lat' dir='ltr'><strong>confirmatur.</strong></span> <span class='ocrx_word' id='word_1_22' title='bbox 740 807 842 889; x_wconf 85' lang='lat' dir='ltr'><strong>ltaque</strong></span> <span class='ocrx_word' id='word_1_23' title='bbox 869 808 971 872; x_wconf 81' lang='lat' dir='ltr'><strong>Nauck</strong></span> <span class='ocrx_word' id='word_1_24' title='bbox 998 801 1100 884; x_wconf 70' lang='grc' dir='ltr'><strong><em>αὖτίς</em></strong></span> <span class='ocrx_word' id='word_1_25' title='bbox 1131 829 1187 891; x_wconf 94' lang='lat' dir='ltr'><strong>pro</strong></span> <span class='ocrx_word' id='word_1_26' title='bbox 1214 805 1329 894; x_wconf 74' lang='grc' dir='ltr'><strong><em>Ἀργος</em></strong></span> 
     </span>
     <span class='ocr_line' id='line_1_5' title="bbox 191 904 1328 989; baseline 0.003 -19"><span class='ocrx_word' id='word_1_27' title='bbox 191 905 285 970; x_wconf 81' lang='lat' dir='ltr'><strong>textui</strong></span> <span class='ocrx_word' id='word_1_28' title='bbox 305 905 396 968; x_wconf 90' lang='lat' dir='ltr'><strong>inseri</strong></span> <span class='ocrx_word' id='word_1_29' title='bbox 417 904 514 977; x_wconf 84' lang='lat' dir='ltr'><strong>iussit,</strong></span> <span class='ocrx_word' id='word_1_30' title='bbox 541 912 576 970; x_wconf 88' lang='lat' dir='ltr'><strong>ut</strong></span> <span class='ocrx_word' id='word_1_31' title='bbox 604 905 679 968; x_wconf 90' lang='lat' dir='ltr'><strong>mibi</strong></span> <span class='ocrx_word' id='word_1_32' title='bbox 700 907 822 988; x_wconf 88' lang='lat' dir='ltr'><strong>quidam</strong></span> <span class='ocrx_word' id='word_1_33' title='bbox 844 907 970 981; x_wconf 86' lang='lat' dir='ltr'><strong>ridetur,</strong></span> <span class='ocrx_word' id='word_1_34' title='bbox 992 926 1098 989; x_wconf 87' lang='lat' dir='ltr'><strong>parum</strong></span> <span class='ocrx_word' id='word_1_35' title='bbox 1119 918 1210 972; x_wconf 88' lang='lat' dir='ltr'><strong>reete.</strong></span> <span class='ocrx_word' id='word_1_36' title='bbox 1254 910 1328 973; x_wconf 92' lang='lat' dir='ltr'><strong>Nam</strong></span> 
     </span>
     <span class='ocr_line' id='line_1_6' title="bbox 190 1003 1329 1089; baseline 0.005 -23"><span class='ocrx_word' id='word_1_37' title='bbox 190 1003 247 1067; x_wconf 90' lang='lat' dir='ltr'><strong>boc</strong></span> <span class='ocrx_word' id='word_1_38' title='bbox 277 1003 455 1085; x_wconf 79' lang='lat' dir='ltr'><strong>pronomine</strong></span> <span class='ocrx_word' id='word_1_39' title='bbox 481 1004 635 1086; x_wconf 79' lang='lat' dir='ltr'><strong>Polynices</strong></span> <span class='ocrx_word' id='word_1_40' title='bbox 665 1003 702 1068; x_wconf 80' lang='lat' dir='ltr'><strong>ab</strong></span> <span class='ocrx_word' id='word_1_41' title='bbox 735 1005 797 1068; x_wconf 88' lang='lat' dir='ltr'><strong>aliis</strong></span> <span class='ocrx_word' id='word_1_42' title='bbox 831 1006 1034 1088; x_wconf 75' lang='lat' dir='ltr'><strong>distinguitur,</strong></span> <span class='ocrx_word' id='word_1_43' title='bbox 1067 1007 1119 1089; x_wconf 87' lang='lat' dir='ltr'><strong>qui</strong></span> <span class='ocrx_word' id='word_1_44' title='bbox 1150 1008 1239 1072; x_wconf 91' lang='lat' dir='ltr'><strong>buius</strong></span> <span class='ocrx_word' id='word_1_45' title='bbox 1271 1009 1329 1072; x_wconf 89' lang='lat' dir='ltr'><strong>loci</strong></span> 
     </span>
     <span class='ocr_line' id='line_1_7' title="bbox 191 1101 1329 1189; baseline 0.004 -23"><span class='ocrx_word' id='word_1_46' title='bbox 191 1104 314 1168; x_wconf 89' lang='lat' dir='ltr'><strong>omnino</strong></span> <span class='ocrx_word' id='word_1_47' title='bbox 337 1121 399 1166; x_wconf 92' lang='lat' dir='ltr'><strong>non</strong></span> <span class='ocrx_word' id='word_1_48' title='bbox 420 1113 501 1167; x_wconf 84' lang='lat' dir='ltr'><strong>sunt.</strong></span> <span class='ocrx_word' id='word_1_49' title='bbox 545 1104 662 1168; x_wconf 83' lang='lat' dir='ltr'><strong>Censeo</strong></span> <span class='ocrx_word' id='word_1_50' title='bbox 688 1104 780 1185; x_wconf 83' lang='lat' dir='ltr'><strong>igitur</strong></span> <span class='ocrx_word' id='word_1_51' title='bbox 800 1123 855 1186; x_wconf 90' lang='lat' dir='ltr'><strong>pro</strong></span> <span class='ocrx_word' id='word_1_52' title='bbox 871 1101 997 1189; x_wconf 77' lang='grc' dir='ltr'><strong><em>Ἄργος,</em></strong></span> <span class='ocrx_word' id='word_1_53' title='bbox 1023 1107 1104 1187; x_wconf 90' lang='lat' dir='ltr'><strong>quod</strong></span> <span class='ocrx_word' id='word_1_54' title='bbox 1130 1107 1270 1170; x_wconf 80' lang='lat' dir='ltr'><strong>abemus</strong></span> <span class='ocrx_word' id='word_1_55' title='bbox 1291 1107 1329 1170; x_wconf 87' lang='lat' dir='ltr'><strong>ad</strong></span> 
     </span>
     <span class='ocr_line' id='line_1_8' title="bbox 191 1200 1330 1287; baseline 0.003 -21"><span class='ocrx_word' id='word_1_56' title='bbox 191 1223 217 1266; x_wconf 85' lang='lat' dir='ltr'><strong>v.</strong></span> <span class='ocrx_word' id='word_1_57' title='bbox 240 1202 301 1266; x_wconf 84' lang='lat'><strong>378</strong></span> <span class='ocrx_word' id='word_1_58' title='bbox 335 1203 440 1266; x_wconf 90' lang='lat' dir='ltr'><strong>eodem</strong></span> <span class='ocrx_word' id='word_1_59' title='bbox 473 1222 577 1266; x_wconf 84' lang='lat' dir='ltr'><strong>versus</strong></span> <span class='ocrx_word' id='word_1_60' title='bbox 612 1203 678 1266; x_wconf 90' lang='lat' dir='ltr'><strong>loco</strong></span> <span class='ocrx_word' id='word_1_61' title='bbox 713 1204 844 1284; x_wconf 89' lang='lat' dir='ltr'><strong>positum</strong></span> <span class='ocrx_word' id='word_1_62' title='bbox 874 1200 990 1287; x_wconf 75' lang='grc' dir='ltr'><strong><em>Ἀργος</em></strong></span> <span class='ocrx_word' id='word_1_63' title='bbox 1025 1206 1058 1269; x_wconf 93' lang='lat' dir='ltr'><strong>in</strong></span> <span class='ocrx_word' id='word_1_64' title='bbox 1089 1206 1330 1269; x_wconf 87' lang='lat' dir='ltr'><strong>transscribendo</strong></span> 
     </span>
     <span class='ocr_line' id='line_1_9' title="bbox 189 1297 1330 1385; baseline 0.003 -21"><span class='ocrx_word' id='word_1_65' title='bbox 189 1302 326 1366; x_wconf 85' lang='lat' dir='ltr'><strong>librarius</strong></span> <span class='ocrx_word' id='word_1_66' title='bbox 347 1301 421 1364; x_wconf 86' lang='lat' dir='ltr'><strong>laiso</strong></span> <span class='ocrx_word' id='word_1_67' title='bbox 443 1303 570 1383; x_wconf 75' lang='lat' dir='ltr'><strong>scripsit,</strong></span> <span class='ocrx_word' id='word_1_68' title='bbox 592 1303 836 1367; x_wconf 86' lang='lat' dir='ltr'><strong>substituendum</strong></span> <span class='ocrx_word' id='word_1_69' title='bbox 864 1323 932 1367; x_wconf 86' lang='lat' dir='ltr'><strong>esse</strong></span> <span class='ocrx_word' id='word_1_70' title='bbox 954 1297 1095 1379; x_wconf 77' lang='grc' dir='ltr'><strong><em>οὕτως,</em></strong></span> <span class='ocrx_word' id='word_1_71' title='bbox 1123 1323 1182 1385; x_wconf 86' lang='lat' dir='ltr'><strong>qno</strong></span> <span class='ocrx_word' id='word_1_72' title='bbox 1205 1305 1330 1368; x_wconf 82' lang='lat' dir='ltr'><strong>demon-</strong></span> 
     </span>
     <span class='ocr_line' id='line_1_10' title="bbox 190 1401 1331 1484; baseline 0.001 -20"><span class='ocrx_word' id='word_1_73' title='bbox 190 1402 312 1465; x_wconf 85' lang='lat' dir='ltr'><strong>strativo</strong></span> <span class='ocrx_word' id='word_1_74' title='bbox 334 1401 472 1464; x_wconf 81' lang='lat' dir='ltr'><strong>adverbio</strong></span> <span class='ocrx_word' id='word_1_75' title='bbox 494 1421 528 1464; x_wconf 85' lang='lat' dir='ltr'><strong>ea</strong></span> <span class='ocrx_word' id='word_1_76' title='bbox 549 1419 625 1482; x_wconf 88' lang='lat' dir='ltr'><strong>quae</strong></span> <span class='ocrx_word' id='word_1_77' title='bbox 647 1403 829 1483; x_wconf 87' lang='lat' dir='ltr'><strong>praecedunt</strong></span> <span class='ocrx_word' id='word_1_78' title='bbox 862 1403 1031 1484; x_wconf 67' lang='lat' dir='ltr'><strong>praemone</strong></span> <span class='ocrx_word' id='word_1_79' title='bbox 1052 1411 1082 1466; x_wconf 87' lang='lat' dir='ltr'><strong>et</strong></span> <span class='ocrx_word' id='word_1_80' title='bbox 1102 1403 1254 1484; x_wconf 87' lang='lat' dir='ltr'><strong>aptissime</strong></span> <span class='ocrx_word' id='word_1_81' title='bbox 1275 1403 1331 1465; x_wconf 87' lang='lat' dir='ltr'><strong>ab·</strong></span> 
     </span>
     <span class='ocr_line' id='line_1_11' title="bbox 188 1500 1332 1584; baseline 0.003 -19"><span class='ocrx_word' id='word_1_82' title='bbox 188 1502 356 1565; x_wconf 84' lang='lat' dir='ltr'><strong>solvuntur.</strong></span> <span class='ocrx_word' id='word_1_83' title='bbox 409 1501 456 1564; x_wconf 80' lang='lat' dir='ltr'><strong>lin</strong></span> <span class='ocrx_word' id='word_1_84' title='bbox 488 1500 578 1565; x_wconf 87' lang='lat' dir='ltr'><strong>habes</strong></span> <span class='ocrx_word' id='word_1_85' title='bbox 611 1502 687 1565; x_wconf 91' lang='lat' dir='ltr'><strong>duos</strong></span> <span class='ocrx_word' id='word_1_86' title='bbox 728 1502 780 1583; x_wconf 87' lang='lat' dir='ltr'><strong>qui</strong></span> <span class='ocrx_word' id='word_1_87' title='bbox 810 1502 1008 1584; x_wconf 81' lang='lat' dir='ltr'><strong>interpretum</strong></span> <span class='ocrx_word' id='word_1_88' title='bbox 1045 1503 1154 1566; x_wconf 87' lang='lat' dir='ltr'><strong>multos</strong></span> <span class='ocrx_word' id='word_1_89' title='bbox 1189 1503 1332 1568; x_wconf 83' lang='lat' dir='ltr'><strong>vexabant</strong></span> 
     </span>
     <span class='ocr_line' id='line_1_12' title="bbox 190 1601 752 1683; baseline 0.005 -22"><span class='ocrx_word' id='word_1_90' title='bbox 190 1617 296 1664; x_wconf 79' lang='lat' dir='ltr'><strong>rerem</strong></span> <span class='ocrx_word' id='word_1_91' title='bbox 317 1601 375 1664; x_wconf 89' lang='lat' dir='ltr'><strong>iam</strong></span> <span class='ocrx_word' id='word_1_92' title='bbox 399 1608 520 1664; x_wconf 86' lang='lat' dir='ltr'><strong>sanates</strong></span> <span class='ocrx_word' id='word_1_93' title='bbox 543 1609 573 1664; x_wconf 93' lang='lat' dir='ltr'><strong>et</strong></span> <span class='ocrx_word' id='word_1_94' title='bbox 594 1601 752 1683; x_wconf 87' lang='lat' dir='ltr'><strong>explicatos</strong></span> 
     </span>
    </p>
   </div>
   <div class='ocr_carea' id='block_1_3' title="bbox 290 1715 1061 1908">
    <p class='ocr_par' dir='ltr' id='par_1_3' title="bbox 290 1715 1061 1908">
     <span class='ocr_line' id='line_1_13' title="bbox 291 1715 1061 1806; baseline 0.001 -22"><span class='ocrx_word' id='word_1_95' title='bbox 291 1717 335 1796; x_wconf 77' lang='grc' dir='ltr'><strong>ὥς</strong></span> <span class='ocrx_word' id='word_1_96' title='bbox 355 1715 439 1784; x_wconf 73' lang='lat' dir='ltr'><strong>adst</strong></span> <span class='ocrx_word' id='word_1_97' title='bbox 446 1716 478 1801; x_wconf 84' lang='grc' dir='ltr'><strong>χ’</strong></span> <span class='ocrx_word' id='word_1_98' title='bbox 502 1715 631 1796; x_wconf 79' lang='grc' dir='ltr'><strong><em>οὕτως</em></strong></span> <span class='ocrx_word' id='word_1_99' title='bbox 651 1717 672 1806; x_wconf 82' lang='grc' dir='ltr'><em>ἢ</em></span> <span class='ocrx_word' id='word_1_100' title='bbox 693 1715 730 1785; x_wconf 80' lang='lat' dir='ltr'><strong>cti</strong></span> <span class='ocrx_word' id='word_1_101' title='bbox 758 1719 935 1804; x_wconf 79' lang='grc' dir='ltr'><strong>Καδμείων</strong></span> <span class='ocrx_word' id='word_1_102' title='bbox 956 1718 1061 1785; x_wconf 77' lang='grc' dir='ltr'><strong><em>πέδον</em></strong></span> 
     </span>
     <span class='ocr_line' id='line_1_14' title="bbox 290 1815 994 1908; baseline 0.001 -25"><span class='ocrx_word' id='word_1_103' title='bbox 290 1820 369 1908; x_wconf 73' lang='grc' dir='ltr'><strong><em>σιμῇ</em></strong></span> <span class='ocrx_word' id='word_1_104' title='bbox 389 1819 544 1893; x_wconf 73' lang='grc' dir='ltr'><strong><em>καθέξων</em></strong></span> <span class='ocrx_word' id='word_1_105' title='bbox 565 1817 587 1905; x_wconf 79' lang='grc' dir='ltr'><em>ἢ</em></span> <span class='ocrx_word' id='word_1_106' title='bbox 609 1819 693 1904; x_wconf 82' lang='grc' dir='ltr'><strong><em>πρὸς</em></strong></span> <span class='ocrx_word' id='word_1_107' title='bbox 715 1815 854 1902; x_wconf 74' lang='grc' dir='ltr'><strong><em>οὐρανὸν</em></strong></span> <span class='ocrx_word' id='word_1_108' title='bbox 875 1820 994 1902; x_wconf 61' lang='lat' dir='ltr'><strong>daritim</strong></span> 
     </span>
    </p>
   </div>
   <div class='ocr_carea' id='block_1_4' title="bbox 191 1939 1335 2814">
    <p class='ocr_par' dir='ltr' id='par_1_4' title="bbox 191 1939 1332 2122">
     <span class='ocr_line' id='line_1_15' title="bbox 191 1939 1332 2031; baseline 0.002 -28"><span class='ocrx_word' id='word_1_109' title='bbox 191 1939 210 2003; x_wconf 91' lang='lat' dir='ltr'><strong>i.</strong></span> <span class='ocrx_word' id='word_1_110' title='bbox 234 1963 259 2003; x_wconf 90' lang='lat' dir='ltr'><strong>e.</strong></span> <span class='ocrx_word' id='word_1_111' title='bbox 282 1949 331 2003; x_wconf 83' lang='lat' dir='ltr'><strong>‘ee</strong></span> <span class='ocrx_word' id='word_1_112' title='bbox 353 1953 452 2015; x_wconf 77' lang='lat' dir='ltr'><strong>merite,</strong></span> <span class='ocrx_word' id='word_1_113' title='bbox 475 1953 508 2005; x_wconf 84' lang='lat' dir='ltr'><strong>ut</strong></span> <span class='ocrx_word' id='word_1_114' title='bbox 530 1944 611 2005; x_wconf 80' lang='lat' dir='ltr'><strong>brevi</strong></span> <span class='ocrx_word' id='word_1_115' title='bbox 628 1947 670 2005; x_wconf 87' lang='lat' dir='ltr'><strong>t&#39;te</strong></span> <span class='ocrx_word' id='word_1_116' title='bbox 692 1954 742 2006; x_wconf 84' lang='lat' dir='ltr'><strong>oct</strong></span> <span class='ocrx_word' id='word_1_117' title='bbox 767 1941 958 2005; x_wconf 83' lang='lat' dir='ltr'><strong>Cadmeorcm</strong></span> <span class='ocrx_word' id='word_1_118' title='bbox 984 1943 1227 2031; x_wconf 30' lang='lat' dir='ltr'><strong>tcrrcm&#39;booore</strong></span> <span class='ocrx_word' id='word_1_119' title='bbox 1253 1953 1332 2026; x_wconf 74' lang='lat' dir='ltr'><strong>repet</strong></span> 
     </span>
     <span class='ocr_line' id='line_1_16' title="bbox 192 2041 917 2122; baseline 0.001 -21"><span class='ocrx_word' id='word_1_120' title='bbox 192 2049 242 2102; x_wconf 84' lang='lat' dir='ltr'><strong>oct</strong></span> <span class='ocrx_word' id='word_1_121' title='bbox 263 2044 354 2102; x_wconf 80' lang='lat' dir='ltr'><strong>virtus</strong></span> <span class='ocrx_word' id='word_1_122' title='bbox 374 2045 406 2103; x_wconf 85' lang='lat' dir='ltr'><strong>t&#39;re</strong></span> <span class='ocrx_word' id='word_1_123' title='bbox 428 2041 539 2102; x_wconf 83' lang='lat' dir='ltr'><strong>caelum</strong></span> <span class='ocrx_word' id='word_1_124' title='bbox 560 2041 666 2113; x_wconf 84' lang='lat' dir='ltr'><strong>tollct’,</strong></span> <span class='ocrx_word' id='word_1_125' title='bbox 690 2061 732 2103; x_wconf 90' lang='lat' dir='ltr'><strong>sc.</strong></span> <span class='ocrx_word' id='word_1_126' title='bbox 755 2041 917 2122; x_wconf 79' lang='lat' dir='ltr'><strong>Polynices.</strong></span> 
     </span>
    </p>

    <p class='ocr_par' dir='ltr' id='par_1_5' title="bbox 191 2137 1334 2714">
     <span class='ocr_line' id='line_1_17' title="bbox 277 2137 1332 2214; baseline 0.004 -15"><span class='ocrx_word' id='word_1_127' title='bbox 277 2137 365 2200; x_wconf 84' lang='lat' dir='ltr'><strong>Cuius</strong></span> <span class='ocrx_word' id='word_1_128' title='bbox 398 2137 614 2202; x_wconf 86' lang='lat' dir='ltr'><strong>emendationis</strong></span> <span class='ocrx_word' id='word_1_129' title='bbox 646 2140 792 2201; x_wconf 91' lang='lat' dir='ltr'><strong>rationem</strong></span> <span class='ocrx_word' id='word_1_130' title='bbox 826 2156 887 2201; x_wconf 91' lang='lat' dir='ltr'><strong>non</strong></span> <span class='ocrx_word' id='word_1_131' title='bbox 919 2139 1064 2202; x_wconf 80' lang='lat' dir='ltr'><strong>intellexit</strong></span> <span class='ocrx_word' id='word_1_132' title='bbox 1097 2139 1131 2201; x_wconf 85' lang='lat' dir='ltr'><strong>il.</strong></span> <span class='ocrx_word' id='word_1_133' title='bbox 1160 2139 1332 2214; x_wconf 84' lang='lat' dir='ltr'><strong>Schneider,</strong></span> 
     </span>
     <span class='ocr_line' id='line_1_18' title="bbox 192 2233 1334 2318; baseline 0.003 -21"><span class='ocrx_word' id='word_1_134' title='bbox 192 2235 241 2298; x_wconf 92' lang='lat' dir='ltr'><strong>ille</strong></span> <span class='ocrx_word' id='word_1_135' title='bbox 264 2255 395 2307; x_wconf 87' lang='lat' dir='ltr'><strong>mearum</strong></span> <span class='ocrx_word' id='word_1_136' title='bbox 424 2236 664 2299; x_wconf 85' lang='lat' dir='ltr'><strong>emendationum</strong></span> <span class='ocrx_word' id='word_1_137' title='bbox 693 2238 889 2318; x_wconf 87' lang='lat' dir='ltr'><strong>aequissimus</strong></span> <span class='ocrx_word' id='word_1_138' title='bbox 911 2238 1009 2308; x_wconf 85' lang='lat' dir='ltr'><strong>iudex,</strong></span> <span class='ocrx_word' id='word_1_139' title='bbox 1032 2259 1100 2301; x_wconf 91' lang='lat' dir='ltr'><strong>cum</strong></span> <span class='ocrx_word' id='word_1_140' title='bbox 1124 2233 1226 2312; x_wconf 79' lang='grc' dir='ltr'><strong><em>οὕτως</em></strong></span> <span class='ocrx_word' id='word_1_141' title='bbox 1247 2257 1263 2300; x_wconf 87' lang='lat' dir='ltr'><strong>a</strong></span> <span class='ocrx_word' id='word_1_142' title='bbox 1287 2258 1334 2300; x_wconf 90' lang='lat' dir='ltr'><strong>me</strong></span> 
     </span>
     <span class='ocr_line' id='line_1_19' title="bbox 192 2329 1334 2416; baseline 0.002 -19"><span class='ocrx_word' id='word_1_143' title='bbox 192 2353 246 2416; x_wconf 88' lang='lat' dir='ltr'><strong>pro</strong></span> <span class='ocrx_word' id='word_1_144' title='bbox 273 2329 390 2416; x_wconf 73' lang='grc' dir='ltr'><strong><em>Ἄργος</em></strong></span> <span class='ocrx_word' id='word_1_145' title='bbox 420 2335 561 2397; x_wconf 90' lang='lat' dir='ltr'><strong>substitui</strong></span> <span class='ocrx_word' id='word_1_146' title='bbox 595 2355 655 2398; x_wconf 92' lang='lat' dir='ltr'><strong>non</strong></span> <span class='ocrx_word' id='word_1_147' title='bbox 693 2336 910 2399; x_wconf 88' lang='lat' dir='ltr'><strong>animadvertit.</strong></span> <span class='ocrx_word' id='word_1_148' title='bbox 966 2337 1032 2398; x_wconf 87' lang='lat' dir='ltr'><strong>Non</strong></span> <span class='ocrx_word' id='word_1_149' title='bbox 1070 2337 1149 2398; x_wconf 90' lang='lat' dir='ltr'><strong>enim</strong></span> <span class='ocrx_word' id='word_1_150' title='bbox 1191 2337 1266 2409; x_wconf 82' lang='lat' dir='ltr'><strong>dini,</strong></span> <span class='ocrx_word' id='word_1_151' title='bbox 1299 2338 1334 2399; x_wconf 88' lang='lat' dir='ltr'><strong>ab</strong></span> 
     </span>
     <span class='ocr_line' id='line_1_20' title="bbox 191 2433 1334 2516; baseline 0 -21"><span class='ocrx_word' id='word_1_152' title='bbox 191 2433 276 2514; x_wconf 78' lang='lat' dir='ltr'><strong>Argis</strong></span> <span class='ocrx_word' id='word_1_153' title='bbox 299 2435 373 2497; x_wconf 87' lang='lat' dir='ltr'><strong>urbe</strong></span> <span class='ocrx_word' id='word_1_154' title='bbox 396 2435 591 2498; x_wconf 83' lang='lat' dir='ltr'><strong>Cadmeorum</strong></span> <span class='ocrx_word' id='word_1_155' title='bbox 614 2445 724 2499; x_wconf 89' lang='lat' dir='ltr'><strong>terram</strong></span> <span class='ocrx_word' id='word_1_156' title='bbox 746 2435 861 2498; x_wconf 90' lang='lat' dir='ltr'><strong>honore</strong></span> <span class='ocrx_word' id='word_1_157' title='bbox 883 2435 943 2516; x_wconf 87' lang='lat' dir='ltr'><strong>regi</strong></span> <span class='ocrx_word' id='word_1_158' title='bbox 970 2443 1021 2499; x_wconf 89' lang='lat' dir='ltr'><strong>aut</strong></span> <span class='ocrx_word' id='word_1_159' title='bbox 1044 2445 1145 2497; x_wconf 89' lang='lat' dir='ltr'><strong>contra</strong></span> <span class='ocrx_word' id='word_1_160' title='bbox 1167 2434 1197 2497; x_wconf 95' lang='lat' dir='ltr'><strong>in</strong></span> <span class='ocrx_word' id='word_1_161' title='bbox 1221 2434 1334 2497; x_wconf 89' lang='lat' dir='ltr'><strong>eaelum</strong></span> 
     </span>
     <span class='ocr_line' id='line_1_21' title="bbox 192 2531 1334 2616; baseline 0.001 -22"><span class='ocrx_word' id='word_1_162' title='bbox 192 2533 264 2606; x_wconf 90' lang='lat' dir='ltr'><strong>tolli,</strong></span> <span class='ocrx_word' id='word_1_163' title='bbox 287 2531 338 2595; x_wconf 86' lang='lat' dir='ltr'><strong>s&#39;ed</strong></span> <span class='ocrx_word' id='word_1_164' title='bbox 362 2533 398 2595; x_wconf 88' lang='lat' dir='ltr'><strong>ab</strong></span> <span class='ocrx_word' id='word_1_165' title='bbox 413 2531 568 2614; x_wconf 76' lang='lat' dir='ltr'><strong>Polynice3</strong></span> <span class='ocrx_word' id='word_1_166' title='bbox 589 2533 618 2596; x_wconf 91' lang='lat' dir='ltr'><strong>id</strong></span> <span class='ocrx_word' id='word_1_167' title='bbox 634 2536 713 2616; x_wconf 90' lang='lat' dir='ltr'><strong>quod</strong></span> <span class='ocrx_word' id='word_1_168' title='bbox 729 2535 853 2598; x_wconf 92' lang='lat' dir='ltr'><strong>minime</strong></span> <span class='ocrx_word' id='word_1_169' title='bbox 869 2535 977 2598; x_wconf 90' lang='lat' dir='ltr'><strong>durum</strong></span> <span class='ocrx_word' id='word_1_170' title='bbox 993 2553 1068 2608; x_wconf 90' lang='lat' dir='ltr'><strong>esse,</strong></span> <span class='ocrx_word' id='word_1_171' title='bbox 1085 2534 1136 2615; x_wconf 90' lang='lat' dir='ltr'><strong>qui</strong></span> <span class='ocrx_word' id='word_1_172' title='bbox 1151 2533 1334 2596; x_wconf 88' lang='lat' dir='ltr'><strong>homericum</strong></span> 
     </span>
     <span class='ocr_line' id='line_1_22' title="bbox 193 2632 812 2714; baseline 0.005 -21"><span class='ocrx_word' id='word_1_173' title='bbox 193 2632 332 2712; x_wconf 90' lang='lat' dir='ltr'><strong>loquendi</strong></span> <span class='ocrx_word' id='word_1_174' title='bbox 353 2649 440 2694; x_wconf 89' lang='lat' dir='ltr'><strong>usum</strong></span> <span class='ocrx_word' id='word_1_175' title='bbox 463 2635 637 2714; x_wconf 83' lang='lat' dir='ltr'><strong>respexerit,</strong></span> <span class='ocrx_word' id='word_1_176' title='bbox 660 2635 812 2698; x_wconf 89' lang='lat' dir='ltr'><strong>concedet.</strong></span> 
     </span>
    </p>

    <p class='ocr_par' dir='ltr' id='par_1_6' title="bbox 277 2729 1335 2814">
     <span class='ocr_line' id='line_1_23' title="bbox 277 2729 1335 2814; baseline 0.002 -22"><span class='ocrx_word' id='word_1_177' title='bbox 277 2749 304 2792; x_wconf 81' lang='lat' dir='ltr'><strong>v.</strong></span> <span class='ocrx_word' id='word_1_178' title='bbox 328 2729 399 2792; x_wconf 78' lang='lat'><strong>702.</strong></span> <span class='ocrx_word' id='word_1_179' title='bbox 443 2731 476 2792; x_wconf 94' lang='lat' dir='ltr'><strong>ln</strong></span> <span class='ocrx_word' id='word_1_180' title='bbox 498 2733 734 2811; x_wconf 89' lang='lat' dir='ltr'><strong>praeclarissimo</strong></span> <span class='ocrx_word' id='word_1_181' title='bbox 757 2731 839 2796; x_wconf 90' lang='lat' dir='ltr'><strong>chori</strong></span> <span class='ocrx_word' id='word_1_182' title='bbox 861 2733 991 2795; x_wconf 79' lang='lat' dir='ltr'><strong>carmine</strong></span> <span class='ocrx_word' id='word_1_183' title='bbox 1014 2752 1074 2813; x_wconf 90' lang='lat' dir='ltr'><strong>quo</strong></span> <span class='ocrx_word' id='word_1_184' title='bbox 1101 2739 1187 2814; x_wconf 91' lang='lat' dir='ltr'><strong>poeta</strong></span> <span class='ocrx_word' id='word_1_185' title='bbox 1209 2731 1335 2794; x_wconf 89' lang='lat' dir='ltr'><strong>summis</strong></span> 
     </span>
    </p>
   </div>
   <div class='ocr_carea' id='block_1_5' title="bbox 194 2829 1465 2910">
    <p class='ocr_par' dir='ltr' id='par_1_7' title="bbox 194 2829 1465 2910">
     <span class='ocr_line' id='line_1_24' title="bbox 194 2829 1465 2910; baseline 0.001 -20"><span class='ocrx_word' id='word_1_186' title='bbox 194 2829 328 2891; x_wconf 86' lang='lat' dir='ltr'><strong>laudibus</strong></span> <span class='ocrx_word' id='word_1_187' title='bbox 361 2829 484 2910; x_wconf 90' lang='lat' dir='ltr'><strong>patriam</strong></span> <span class='ocrx_word' id='word_1_188' title='bbox 518 2833 602 2894; x_wconf 79' lang='lat' dir='ltr'><strong>ellert</strong></span> <span class='ocrx_word' id='word_1_189' title='bbox 634 2832 712 2897; x_wconf 90' lang='lat' dir='ltr'><strong>inter</strong></span> <span class='ocrx_word' id='word_1_190' title='bbox 745 2833 799 2895; x_wconf 90' lang='lat' dir='ltr'><strong>alia</strong></span> <span class='ocrx_word' id='word_1_191' title='bbox 832 2843 929 2894; x_wconf 85' lang='lat' dir='ltr'><strong>terrae</strong></span> <span class='ocrx_word' id='word_1_192' title='bbox 958 2831 1071 2893; x_wconf 82' lang='lat' dir='ltr'><strong>Atticae</strong></span> <span class='ocrx_word' id='word_1_193' title='bbox 1104 2847 1227 2892; x_wconf 90' lang='lat' dir='ltr'><strong>munera</strong></span> <span class='ocrx_word' id='word_1_194' title='bbox 1261 2830 1334 2892; x_wconf 89' lang='lat' dir='ltr'><strong>oliva</strong></span> <span class='ocrx_word' id='word_1_195' title='bbox 1462 2885 1465 2891; x_wconf 83' lang='grc'>,</span> 
     </span>
    </p>
   </div>
   <div class='ocr_carea' id='block_1_6' title="bbox 195 2927 370 2999">
    <p class='ocr_par' dir='ltr' id='par_1_8' title="bbox 195 2927 370 2999">
     <span class='ocr_line' id='line_1_25' title="bbox 195 2927 370 2999; baseline 0.006 -10"><span class='ocrx_word' id='word_1_196' title='bbox 195 2927 370 2999; x_wconf 86' lang='lat' dir='ltr'><strong>celebratur,</strong></span> 
     </span>
    </p>
   </div>
   <div class='ocr_carea' id='block_1_7' title="bbox 295 3045 924 3244">
    <p class='ocr_par' dir='ltr' id='par_1_9' title="bbox 295 3045 924 3244">
     <span class='ocr_line' id='line_1_26' title="bbox 295 3045 924 3132; baseline 0.003 -22"><span class='ocrx_word' id='word_1_197' title='bbox 295 3045 331 3111; x_wconf 78' lang='lat' dir='ltr'><strong>sd</strong></span> <span class='ocrx_word' id='word_1_198' title='bbox 353 3049 415 3131; x_wconf 85' lang='grc' dir='ltr'><strong>μέν</strong></span> <span class='ocrx_word' id='word_1_199' title='bbox 436 3069 488 3123; x_wconf 76' lang='grc' dir='ltr'><strong>τις</strong></span> <span class='ocrx_word' id='word_1_200' title='bbox 509 3045 584 3114; x_wconf 81' lang='lat' dir='ltr'><strong>ob&#39;rs</strong></span> <span class='ocrx_word' id='word_1_201' title='bbox 606 3050 723 3132; x_wconf 74' lang='grc' dir='ltr'><strong><em>νεαρὸς</em></strong></span> <span class='ocrx_word' id='word_1_202' title='bbox 744 3045 819 3113; x_wconf 80' lang='grc' dir='ltr'><strong><em>οὔτε</em></strong></span> <span class='ocrx_word' id='word_1_203' title='bbox 840 3045 924 3132; x_wconf 73' lang='grc' dir='ltr'><strong>γήρᾳ</strong></span> 
     </span>
     <span class='ocr_line' id='line_1_27' title="bbox 297 3141 874 3244; baseline 0 -34"><span class='ocrx_word' id='word_1_204' title='bbox 297 3143 466 3244; x_wconf 55' lang='grc' dir='ltr'><strong><em>σημαίνων</em></strong></span> <span class='ocrx_word' id='word_1_205' title='bbox 487 3141 625 3214; x_wconf 67' lang='lat' dir='ltr'><strong>diodoro</strong></span> <span class='ocrx_word' id='word_1_206' title='bbox 647 3148 718 3234; x_wconf 76' lang='grc' dir='ltr'><strong>χερὶ</strong></span> <span class='ocrx_word' id='word_1_207' title='bbox 740 3151 874 3232; x_wconf 80' lang='grc' dir='ltr'><strong><em>πέρσας.</em></strong></span> 
     </span>
    </p>
   </div>
   <div class='ocr_carea' id='block_1_8' title="bbox 196 3279 1340 4662">
    <p class='ocr_par' dir='ltr' id='par_1_10' title="bbox 196 3279 1340 4662">
     <span class='ocr_line' id='line_1_28' title="bbox 197 3279 1338 3370; baseline -0.002 -21"><span class='ocrx_word' id='word_1_208' title='bbox 197 3287 331 3362; x_wconf 83' lang='lat' dir='ltr'><strong>Quorum</strong></span> <span class='ocrx_word' id='word_1_209' title='bbox 362 3305 502 3352; x_wconf 81' lang='lat' dir='ltr'><strong>versuum</strong></span> <span class='ocrx_word' id='word_1_210' title='bbox 536 3289 619 3369; x_wconf 89' lang='lat' dir='ltr'><strong>prior</strong></span> <span class='ocrx_word' id='word_1_211' title='bbox 650 3287 852 3370; x_wconf 87' lang='lat' dir='ltr'><strong>antistropbae</strong></span> <span class='ocrx_word' id='word_1_212' title='bbox 884 3286 984 3348; x_wconf 83' lang='lat' dir='ltr'><strong>versui</strong></span> <span class='ocrx_word' id='word_1_213' title='bbox 1020 3279 1188 3367; x_wconf 74' lang='grc' dir='ltr'><strong><em>πρωταισι</em></strong></span> <span class='ocrx_word' id='word_1_214' title='bbox 1221 3282 1338 3347; x_wconf 70' lang='grc' dir='ltr'><strong><em>ταῖσδε</em></strong></span> 
     </span>
     <span class='ocr_line' id='line_1_29' title="bbox 196 3377 1338 3470; baseline -0.002 -22"><span class='ocrx_word' id='word_1_215' title='bbox 196 3388 309 3460; x_wconf 79' lang='grc' dir='ltr'><strong><em>κτίσας</em></strong></span> <span class='ocrx_word' id='word_1_216' title='bbox 338 3377 474 3465; x_wconf 68' lang='grc' dir='ltr'><strong><em>ἀγυιαῖς</em></strong></span> <span class='ocrx_word' id='word_1_217' title='bbox 500 3405 560 3450; x_wconf 92' lang='lat' dir='ltr'><strong>non</strong></span> <span class='ocrx_word' id='word_1_218' title='bbox 585 3389 755 3470; x_wconf 89' lang='lat' dir='ltr'><strong>respondet.</strong></span> <span class='ocrx_word' id='word_1_219' title='bbox 800 3389 898 3462; x_wconf 88' lang='lat' dir='ltr'><strong>Quum</strong></span> <span class='ocrx_word' id='word_1_220' title='bbox 926 3385 1014 3465; x_wconf 79' lang='lat' dir='ltr'><strong>igitur</strong></span> <span class='ocrx_word' id='word_1_221' title='bbox 1036 3383 1123 3446; x_wconf 87' lang='lat' dir='ltr'><strong>rerba</strong></span> <span class='ocrx_word' id='word_1_222' title='bbox 1152 3377 1228 3447; x_wconf 74' lang='grc' dir='ltr'><strong>οὔτε</strong></span> <span class='ocrx_word' id='word_1_223' title='bbox 1252 3377 1338 3468; x_wconf 78' lang='grc' dir='ltr'><strong>γήρᾳ</strong></span> 
     </span>
     <span class='ocr_line' id='line_1_30' title="bbox 198 3481 1339 3566; baseline -0.002 -20"><span class='ocrx_word' id='word_1_224' title='bbox 198 3485 316 3565; x_wconf 79' lang='lat' dir='ltr'><strong>syllabis</strong></span> <span class='ocrx_word' id='word_1_225' title='bbox 337 3521 379 3530; x_wconf 94' lang='lat'><em>-</em></span> <span class='ocrx_word' id='word_1_226' title='bbox 402 3501 463 3561; x_wconf 89' lang='grc' dir='ltr'><strong>σας</strong></span> <span class='ocrx_word' id='word_1_227' title='bbox 484 3481 603 3566; x_wconf 61' lang='lat' dir='ltr'><strong>&amp;reate</strong></span> <span class='ocrx_word' id='word_1_228' title='bbox 630 3489 808 3552; x_wconf 82' lang='lat' dir='ltr'><strong>conveniant</strong></span> <span class='ocrx_word' id='word_1_229' title='bbox 834 3494 863 3549; x_wconf 89' lang='lat' dir='ltr'><strong>et</strong></span> <span class='ocrx_word' id='word_1_230' title='bbox 885 3485 973 3548; x_wconf 87' lang='lat' dir='ltr'><strong>rerba</strong></span> <span class='ocrx_word' id='word_1_231' title='bbox 987 3505 990 3510; x_wconf 92' lang='lat'>·</span> <span class='ocrx_word' id='word_1_232' title='bbox 1003 3501 1105 3547; x_wconf 88' lang='lat' dir='ltr'><strong>versus</strong></span> <span class='ocrx_word' id='word_1_233' title='bbox 1133 3483 1339 3564; x_wconf 88' lang='lat' dir='ltr'><strong>antistropbici</strong></span> 
     </span>
     <span class='ocr_line' id='line_1_31' title="bbox 199 3581 1339 3670; baseline 0 -26"><span class='ocrx_word' id='word_1_234' title='bbox 199 3600 267 3644; x_wconf 91' lang='lat' dir='ltr'><strong>sana</strong></span> <span class='ocrx_word' id='word_1_235' title='bbox 312 3603 375 3646; x_wconf 90' lang='lat' dir='ltr'><strong>esse</strong></span> <span class='ocrx_word' id='word_1_236' title='bbox 421 3594 450 3646; x_wconf 90' lang='lat' dir='ltr'><strong>et</strong></span> <span class='ocrx_word' id='word_1_237' title='bbox 492 3597 602 3660; x_wconf 89' lang='lat' dir='ltr'><strong>metro,</strong></span> <span class='ocrx_word' id='word_1_238' title='bbox 646 3588 725 3670; x_wconf 91' lang='lat' dir='ltr'><strong>quod</strong></span> <span class='ocrx_word' id='word_1_239' title='bbox 765 3595 811 3648; x_wconf 91' lang='lat' dir='ltr'><strong>est</strong></span> <span class='ocrx_word' id='word_1_240' title='bbox 855 3584 1015 3648; x_wconf 88' lang='lat' dir='ltr'><strong>iambicum</strong></span> <span class='ocrx_word' id='word_1_241' title='bbox 1053 3581 1273 3662; x_wconf 80' lang='lat' dir='ltr'><strong>logaoedicum,</strong></span> <span class='ocrx_word' id='word_1_242' title='bbox 1309 3589 1339 3644; x_wconf 93' lang='lat' dir='ltr'><strong>et</strong></span> 
     </span>
     <span class='ocr_line' id='line_1_32' title="bbox 200 3675 1339 3765; baseline 0.001 -23"><span class='ocrx_word' id='word_1_243' title='bbox 200 3681 348 3743; x_wconf 85' lang='lat' dir='ltr'><strong>sententie</strong></span> <span class='ocrx_word' id='word_1_244' title='bbox 370 3692 501 3764; x_wconf 86' lang='lat' dir='ltr'><strong>apparet,</strong></span> <span class='ocrx_word' id='word_1_245' title='bbox 534 3686 661 3748; x_wconf 83' lang='lat' dir='ltr'><strong>efficitur</strong></span> <span class='ocrx_word' id='word_1_246' title='bbox 689 3692 723 3749; x_wconf 93' lang='lat' dir='ltr'><strong>ut</strong></span> <span class='ocrx_word' id='word_1_247' title='bbox 745 3683 883 3765; x_wconf 88' lang='lat' dir='ltr'><strong>strophae</strong></span> <span class='ocrx_word' id='word_1_248' title='bbox 913 3681 1000 3745; x_wconf 88' lang='lat' dir='ltr'><strong>verba</strong></span> <span class='ocrx_word' id='word_1_249' title='bbox 1033 3679 1071 3741; x_wconf 82' lang='grc' dir='ltr'><strong>τὸ</strong></span> <span class='ocrx_word' id='word_1_250' title='bbox 1097 3681 1156 3762; x_wconf 83' lang='grc' dir='ltr'><strong>μέν</strong></span> <span class='ocrx_word' id='word_1_251' title='bbox 1185 3701 1236 3753; x_wconf 83' lang='grc' dir='ltr'><strong>τις</strong></span> <span class='ocrx_word' id='word_1_252' title='bbox 1265 3675 1339 3744; x_wconf 80' lang='grc' dir='ltr'><strong><em>οὔτε</em></strong></span> 
     </span>
     <span class='ocr_line' id='line_1_33' title="bbox 200 3775 1338 3864; baseline -0.003 -21"><span class='ocrx_word' id='word_1_253' title='bbox 200 3777 315 3861; x_wconf 81' lang='grc' dir='ltr'><strong><em>νεαρός</em></strong></span> <span class='ocrx_word' id='word_1_254' title='bbox 335 3799 489 3862; x_wconf 88' lang='lat' dir='ltr'><strong>perperam</strong></span> <span class='ocrx_word' id='word_1_255' title='bbox 513 3785 617 3846; x_wconf 88' lang='lat' dir='ltr'><strong>tradita</strong></span> <span class='ocrx_word' id='word_1_256' title='bbox 640 3786 708 3848; x_wconf 86' lang='lat' dir='ltr'><strong>sint.</strong></span> <span class='ocrx_word' id='word_1_257' title='bbox 747 3783 808 3846; x_wconf 90' lang='lat' dir='ltr'><strong>lam</strong></span> <span class='ocrx_word' id='word_1_258' title='bbox 830 3783 960 3864; x_wconf 86' lang='lat' dir='ltr'><strong>primurn</strong></span> <span class='ocrx_word' id='word_1_259' title='bbox 977 3775 1092 3862; x_wconf 80' lang='grc' dir='ltr'><strong><em>νεαρός</em></strong></span> <span class='ocrx_word' id='word_1_260' title='bbox 1106 3797 1169 3841; x_wconf 91' lang='lat' dir='ltr'><strong>non</strong></span> <span class='ocrx_word' id='word_1_261' title='bbox 1189 3779 1338 3854; x_wconf 88' lang='lat' dir='ltr'><strong>iuvenem,</strong></span> 
     </span>
     <span class='ocr_line' id='line_1_34' title="bbox 201 3877 1339 3967; baseline -0.003 -25"><span class='ocrx_word' id='word_1_262' title='bbox 201 3899 290 3962; x_wconf 89' lang='lat' dir='ltr'><strong>quem</strong></span> <span class='ocrx_word' id='word_1_263' title='bbox 312 3889 436 3962; x_wconf 89' lang='lat' dir='ltr'><strong>propter</strong></span> <span class='ocrx_word' id='word_1_264' title='bbox 457 3884 625 3965; x_wconf 89' lang='lat' dir='ltr'><strong>oppositum</strong></span> <span class='ocrx_word' id='word_1_265' title='bbox 653 3877 737 3967; x_wconf 73' lang='grc' dir='ltr'><strong>γήρᾳ</strong></span> <span class='ocrx_word' id='word_1_266' title='bbox 760 3882 930 3966; x_wconf 85' lang='grc' dir='ltr'><strong><em>σημαίνων</em></strong></span> <span class='ocrx_word' id='word_1_267' title='bbox 959 3879 1015 3942; x_wconf 90' lang='lat' dir='ltr'><strong>dici</strong></span> <span class='ocrx_word' id='word_1_268' title='bbox 1044 3885 1172 3959; x_wconf 84' lang='lat' dir='ltr'><strong>oportet,</strong></span> <span class='ocrx_word' id='word_1_269' title='bbox 1205 3878 1258 3940; x_wconf 88' lang='lat' dir='ltr'><strong>sed</strong></span> <span class='ocrx_word' id='word_1_270' title='bbox 1290 3877 1339 3940; x_wconf 94' lang='lat' dir='ltr'><strong>in-</strong></span> 
     </span>
     <span class='ocr_line' id='line_1_35' title="bbox 200 3976 1339 4065; baseline -0.004 -21"><span class='ocrx_word' id='word_1_271' title='bbox 200 3983 313 4045; x_wconf 78' lang='lat' dir='ltr'><strong>fantem</strong></span> <span class='ocrx_word' id='word_1_272' title='bbox 344 3985 389 4046; x_wconf 89' lang='lat' dir='ltr'><strong>vel</strong></span> <span class='ocrx_word' id='word_1_273' title='bbox 415 3983 573 4065; x_wconf 91' lang='lat' dir='ltr'><strong>puerulum</strong></span> <span class='ocrx_word' id='word_1_274' title='bbox 603 4000 765 4063; x_wconf 91' lang='lat' dir='ltr'><strong>paucorum</strong></span> <span class='ocrx_word' id='word_1_275' title='bbox 793 3998 941 4045; x_wconf 86' lang='lat' dir='ltr'><strong>annornm</strong></span> <span class='ocrx_word' id='word_1_276' title='bbox 967 3977 1133 4058; x_wconf 83' lang='lat' dir='ltr'><strong>significare</strong></span> <span class='ocrx_word' id='word_1_277' title='bbox 1160 3983 1190 4040; x_wconf 89' lang='lat' dir='ltr'><strong>et</strong></span> <span class='ocrx_word' id='word_1_278' title='bbox 1211 3976 1339 4058; x_wconf 81' lang='lat' dir='ltr'><strong>postoris</strong></span> 
     </span>
     <span class='ocr_line' id='line_1_36' title="bbox 202 4076 1340 4164; baseline -0.005 -20"><span class='ocrx_word' id='word_1_279' title='bbox 202 4082 322 4146; x_wconf 91' lang='lat' dir='ltr'><strong>demum</strong></span> <span class='ocrx_word' id='word_1_280' title='bbox 356 4082 521 4164; x_wconf 83' lang='lat' dir='ltr'><strong>graecitatis</strong></span> <span class='ocrx_word' id='word_1_281' title='bbox 559 4082 743 4163; x_wconf 86' lang='lat' dir='ltr'><strong>temporibus</strong></span> <span class='ocrx_word' id='word_1_282' title='bbox 775 4083 811 4145; x_wconf 91' lang='lat' dir='ltr'><strong>de</strong></span> <span class='ocrx_word' id='word_1_283' title='bbox 848 4081 952 4144; x_wconf 88' lang='lat' dir='ltr'><strong>iuvene</strong></span> <span class='ocrx_word' id='word_1_284' title='bbox 988 4085 1162 4162; x_wconf 86' lang='lat' dir='ltr'><strong>usurpatum</strong></span> <span class='ocrx_word' id='word_1_285' title='bbox 1199 4095 1263 4140; x_wconf 90' lang='lat' dir='ltr'><strong>esse</strong></span> <span class='ocrx_word' id='word_1_286' title='bbox 1296 4076 1340 4138; x_wconf 89' lang='lat' dir='ltr'><strong>vir</strong></span> 
     </span>
     <span class='ocr_line' id='line_1_37' title="bbox 202 4174 1340 4264; baseline -0.005 -20"><span class='ocrx_word' id='word_1_287' title='bbox 202 4183 322 4244; x_wconf 91' lang='lat' dir='ltr'><strong>doctiss.</strong></span> <span class='ocrx_word' id='word_1_288' title='bbox 343 4183 391 4246; x_wconf 85' lang='lat' dir='ltr'><strong>Fr.</strong></span> <span class='ocrx_word' id='word_1_289' title='bbox 413 4183 534 4260; x_wconf 83' lang='lat' dir='ltr'><strong>Ritscbl,</strong></span> <span class='ocrx_word' id='word_1_290' title='bbox 561 4201 650 4264; x_wconf 90' lang='lat' dir='ltr'><strong>quern</strong></span> <span class='ocrx_word' id='word_1_291' title='bbox 673 4181 795 4245; x_wconf 92' lang='lat' dir='ltr'><strong>bonoris</strong></span> <span class='ocrx_word' id='word_1_292' title='bbox 818 4197 905 4243; x_wconf 91' lang='lat' dir='ltr'><strong>causa</strong></span> <span class='ocrx_word' id='word_1_293' title='bbox 927 4178 1060 4252; x_wconf 87' lang='lat' dir='ltr'><strong>nomino,</strong></span> <span class='ocrx_word' id='word_1_294' title='bbox 1086 4177 1119 4239; x_wconf 92' lang='lat' dir='ltr'><strong>in</strong></span> <span class='ocrx_word' id='word_1_295' title='bbox 1141 4174 1340 4257; x_wconf 85' lang='lat' dir='ltr'><strong>disputatione</strong></span> 
     </span>
     <span class='ocr_line' id='line_1_38' title="bbox 202 4277 1339 4365; baseline -0.009 -18"><span class='ocrx_word' id='word_1_296' title='bbox 202 4283 417 4365; x_wconf 84' lang='lat' dir='ltr'><strong>elegantissima</strong></span> <span class='ocrx_word' id='word_1_297' title='bbox 449 4282 672 4354; x_wconf 84' lang='lat' dir='ltr'><strong>demonstrarit,</strong></span> <span class='ocrx_word' id='word_1_298' title='bbox 705 4299 792 4362; x_wconf 90' lang='lat' dir='ltr'><strong>quam</strong></span> <span class='ocrx_word' id='word_1_299' title='bbox 827 4281 864 4344; x_wconf 93' lang='lat' dir='ltr'><strong>de</strong></span> <span class='ocrx_word' id='word_1_300' title='bbox 889 4287 991 4342; x_wconf 87' lang='lat' dir='ltr'><strong>nostro</strong></span> <span class='ocrx_word' id='word_1_301' title='bbox 1017 4279 1082 4341; x_wconf 87' lang='lat' dir='ltr'><strong>loco</strong></span> <span class='ocrx_word' id='word_1_302' title='bbox 1105 4277 1227 4339; x_wconf 85' lang='lat' dir='ltr'><strong>Bonnae</strong></span> <span class='ocrx_word' id='word_1_303' title='bbox 1259 4293 1339 4338; x_wconf 91' lang='lat' dir='ltr'><strong>anno</strong></span> 
     </span>
     <span class='ocr_line' id='line_1_39' title="bbox 203 4375 1340 4464; baseline -0.01 -18"><span class='ocrx_word' id='word_1_304' title='bbox 203 4385 265 4448; x_wconf 92' lang='lat' dir='ltr'><strong>hui.</strong></span> <span class='ocrx_word' id='word_1_305' title='bbox 288 4402 362 4446; x_wconf 84' lang='lat' dir='ltr'><strong>saec</strong></span> <span class='ocrx_word' id='word_1_306' title='bbox 384 4383 462 4446; x_wconf 85' lang='lat' dir='ltr'><strong>blill</strong></span> <span class='ocrx_word' id='word_1_307' title='bbox 483 4382 609 4464; x_wconf 83' lang='lat' dir='ltr'><strong>scripsit.</strong></span> <span class='ocrx_word' id='word_1_308' title='bbox 654 4381 714 4444; x_wconf 75' lang='lat' dir='ltr'><strong>‘td</strong></span> <span class='ocrx_word' id='word_1_309' title='bbox 736 4389 870 4443; x_wconf 85' lang='lat' dir='ltr'><strong>teneram</strong></span> <span class='ocrx_word' id='word_1_310' title='bbox 893 4378 973 4442; x_wconf 92' lang='lat' dir='ltr'><strong>enim</strong></span> <span class='ocrx_word' id='word_1_311' title='bbox 994 4377 1068 4441; x_wconf 92' lang='lat' dir='ltr'><strong>illud</strong></span> <span class='ocrx_word' id='word_1_312' title='bbox 1091 4381 1216 4438; x_wconf 88' lang='lat' dir='ltr'><strong>aetatem</strong></span> <span class='ocrx_word' id='word_1_313' title='bbox 1236 4375 1340 4455; x_wconf 91' lang='lat' dir='ltr'><strong>pueri-</strong></span> 
     </span>
     <span class='ocr_line' id='line_1_40' title="bbox 202 4473 1340 4564; baseline -0.008 -19"><span class='ocrx_word' id='word_1_314' title='bbox 202 4484 272 4558; x_wconf 89' lang='lat' dir='ltr'><strong>lem,</strong></span> <span class='ocrx_word' id='word_1_315' title='bbox 298 4483 526 4564; x_wconf 77' lang='lat' dir='ltr'><strong>baudqusquam</strong></span> <span class='ocrx_word' id='word_1_316' title='bbox 556 4481 592 4544; x_wconf 89' lang='lat' dir='ltr'><strong>ad</strong></span> <span class='ocrx_word' id='word_1_317' title='bbox 619 4480 780 4544; x_wconf 81' lang='lat' dir='ltr'><strong>iuvenilem</strong></span> <span class='ocrx_word' id='word_1_318' title='bbox 809 4487 941 4560; x_wconf 87' lang='lat' dir='ltr'><strong>spectare</strong></span> <span class='ocrx_word' id='word_1_319' title='bbox 970 4477 1101 4560; x_wconf 70' lang='lat' dir='ltr'><strong>epempla</strong></span> <span class='ocrx_word' id='word_1_320' title='bbox 1127 4483 1279 4556; x_wconf 90' lang='lat' dir='ltr'><strong>poetarum</strong></span> <span class='ocrx_word' id='word_1_321' title='bbox 1304 4473 1340 4536; x_wconf 89' lang='lat' dir='ltr'><strong>ad</strong></span> 
     </span>
     <span class='ocr_line' id='line_1_41' title="bbox 205 4573 1339 4662; baseline -0.005 -20"><span class='ocrx_word' id='word_1_322' title='bbox 205 4599 299 4645; x_wconf 92' lang='lat' dir='ltr'><strong>unum</strong></span> <span class='ocrx_word' id='word_1_323' title='bbox 322 4581 420 4644; x_wconf 91' lang='lat' dir='ltr'><strong>omnia</strong></span> <span class='ocrx_word' id='word_1_324' title='bbox 442 4579 609 4656; x_wconf 81' lang='lat' dir='ltr'><strong>evincunt&#39;,</strong></span> <span class='ocrx_word' id='word_1_325' title='bbox 631 4601 662 4662; x_wconf 89' lang='lat' dir='ltr'><strong>p.</strong></span> <span class='ocrx_word' id='word_1_326' title='bbox 685 4580 730 4643; x_wconf 84' lang='lat' dir='ltr'><strong>Vl.</strong></span> <span class='ocrx_word' id='word_1_327' title='bbox 767 4579 852 4642; x_wconf 88' lang='lat' dir='ltr'><strong>Unde</strong></span> <span class='ocrx_word' id='word_1_328' title='bbox 873 4580 968 4642; x_wconf 90' lang='lat' dir='ltr'><strong>elucet</strong></span> <span class='ocrx_word' id='word_1_329' title='bbox 986 4575 1231 4639; x_wconf 84' lang='lat' dir='ltr'><strong>hocadicctirum</strong></span> <span class='ocrx_word' id='word_1_330' title='bbox 1246 4573 1339 4637; x_wconf 91' lang='lat' dir='ltr'><strong>inter·</strong></span> 
     </span>
    </p>
   </div>
   <div class='ocr_carea' id='block_1_9' title="bbox 0 0 1645 5142">
    <p class='ocr_par' dir='ltr' id='par_1_11' title="bbox 0 0 1645 5142">
     <span class='ocr_line' id='line_1_42' title="bbox 0 0 1645 5142; baseline 0 0"><span class='ocrx_word' id='word_1_331' title='bbox 0 0 1645 5142; x_wconf 95' lang='lat' dir='ltr'><strong> </strong></span> 
     </span>
    </p>
   </div>
  </div>
 </body>
</html>
