3248 5142
673 469 894 532 -81-

203 645 269 723 lpse
284 642 447 706 Philocteta
468 644 499 704 in
515 635 688 706 enarranda
701 664 754 707 sua
769 652 849 706 sorte
865 643 1057 724 Neoptolemo
1074 645 1143 706 dicit
1158 665 1204 707 vv.
1221 647 1353 727 279sqq.

305 751 433 836 ὁρῶντα
454 754 516 835 μὲν
536 752 628 830 ναῦς,
652 749 691 829 ἀς
714 753 797 834 ἔχων
818 751 1052 830 ἐναυστύλοον,

304 855 418 931 πάσας
440 854 603 938 aspectae,
627 853 732 935 ἄνδρα
755 850 786 914 d’
810 848 920 916 οὐδέν’
943 851 1097 929 ἔκτοπον,

306 951 377 1033 οὐχ
400 950 516 1029 ὅστις
539 951 756 1039 ἀρκέσειεν
778 947 865 1015 οὐδ’
889 945 999 1024 ὅστις
1022 950 1145 1015 νόσου

305 1051 503 1136 κάμνοντι
528 1047 865 1133 σολλάβοιοο-κεὲ.

289 1167 381 1227 Acris.
396 1167 501 1246 fragm.
517 1187 547 1230 n.
564 1167 614 1230 58.
630 1164 764 1227 Diodori.

288 1263 329 1324 De
358 1264 533 1344 fragmentis
563 1262 840 1344 quinquagesimum
868 1270 1003 1323 octavum
1031 1261 1251 1323 emendandum
1279 1261 1352 1322 mihi

202 1363 360 1441 proposui,
390 1364 500 1444 quippe
530 1365 611 1443 quod
641 1363 731 1423 verbo
765 1360 861 1437 adbuc
887 1368 1061 1438 corruptum
1088 1369 1148 1431 est,
1175 1379 1234 1439 quo
1260 1359 1352 1420 miror

203 1477 265 1520 non
292 1461 452 1522 offendisse
468 1480 511 1522 vv.
527 1461 575 1522 dd.
606 1462 821 1539 Fragmentum
848 1465 947 1518 autem
974 1458 1051 1537 apud
1068 1457 1229 1519 Stobaeum
1245 1457 1351 1530 vlttn

203 1557 259 1618 boc
275 1566 335 1617 est:

303 1669 368 1748 βοᾷ
388 1688 454 1742 τις·
477 1658 505 1732 ω’
527 1649 672 1731 ἀκούεῗ·
696 1664 716 1749 ἢ
739 1655 844 1748 μάτην
867 1660 1009 1742 ύλακτῶ,·
1086 1705 1088 1708 -

305 1761 438 1830 ἅπαντα
459 1765 523 1850 γάρ
545 1788 598 1830 τοι
620 1766 666 1850 τῷ
688 1767 886 1848 φοβουμένῳ
909 1772 1029 1848 ψοφεῖ.
1122 1843 1123 1850 ¹

201 1875 331 1943 Verbum
362 1870 491 1941 ύλοικτῶ
521 1898 613 1959 quum
643 1878 731 1939 metri
759 1878 881 1937 modum
910 1877 1039 1949 excedat,
1070 1877 1101 1937 in
1130 1870 1197 1937 ύλῶ
1226 1875 1350 1937 verbum

201 1975 333 2044 eiusdem
354 1977 577 2057 siquificationis
600 1977 724 2040 mutavit
744 1975 896 2036 Hermann
911 1975 1005 2035 Elem.
1022 1976 1115 2035 doctr.
1145 1981 1230 2036 metr.
1253 1993 1282 2054 p.
1296 1975 1350 2034 50.

200 2074 323 2153 utquid
340 2094 450 2155 quaeso
476 2076 601 2138 latrandi
629 2075 751 2146 verbum
767 2063 830 2135 hoc
851 2073 915 2134 loco
936 2074 992 2135 sibi
1013 2071 1099 2135 vult‘l
1129 2074 1273 2147 Quisnam
1289 2082 1349 2135 tam

200 2172 246 2232 sui
262 2173 540 2252 neglegentissimus
555 2182 645 2253 atque
670 2172 889 2236 abiectissimus
916 2181 971 2245 est,
997 2180 1032 2233 ut
1058 2190 1163 2242 suum
1191 2172 1350 2233 clamorem

200 2269 277 2330 serio
304 2272 478 2334 latratum
505 2267 655 2352 appellet?
695 2270 826 2330 Verbum
860 2269 940 2330 enim
972 2265 1099 2332 ύλακοῶ
1125 2271 1169 2330 vel
1196 2271 1259 2332 eius
1285 2269 1350 2348 pri-

198 2367 326 2429 marium
355 2364 425 2431 ύλοΐ
452 2370 584 2451 primum
614 2371 734 2449 proprie
764 2369 800 2430 de
827 2368 949 2429 canibus
979 2369 1151 2446 vulgaribus
1181 2376 1212 2428 et
1240 2368 1348 2436 aureis,

198 2467 336 2546 vulpibus
357 2477 387 2530 et
412 2469 548 2548 lyncibus
575 2468 759 2542 latrantibus,
785 2475 851 2528 tum
877 2467 981 2528 tralate
1009 2467 1045 2527 de
1072 2466 1170 2538 corde,
1197 2465 1349 2527 stomacho

197 2564 333 2637 latrante,
360 2566 466 2628 deinde
494 2567 530 2627 de
555 2565 727 2642 hominibus
744 2563 981 2627 vociferantibus
1001 2563 1133 2625 odiose
1153 2564 1348 2643 praedicatur,

198 2669 232 2722 ut
257 2663 343 2740 plane
367 2663 540 2726 Latinorum
567 2665 763 2736 latrando,
791 2671 895 2724 nostro
922 2662 1047 2727 bellen
1073 2663 1262 2743 respondeat.
1303 2661 1347 2722 lta

197 2759 314 2820 Electra
340 2762 425 2822 malis
450 2761 599 2823 diuturnis
625 2762 782 2823 exacerbat
769 2769 798 2823 ta
815 2762 851 2822 de
868 2769 963 2823 matre
988 2761 1083 2822 invisa
1110 2761 1183 2822 dicit
1207 2755 1347 2830 τοιαῦθ’

196 2851 331 2920 ύλάκτεϊ
345 2858 389 2919 El.
407 2878 432 2919 v.
448 2857 521 2932 299,
548 2859 676 2920 famulus
692 2859 729 2920 de
745 2859 881 2934 Hercule,
907 2859 957 2937 qui
974 2866 1063 2938 potus
1087 2866 1195 2930 cantat,
1223 2853 1347 2980 ἀμοοσ

195 2947 345 3018 ὑλακτῶν
359 2957 430 3017 Eur.
445 2955 508 3017 Alc.
524 2975 551 3016 v
568 2957 629 3017 760
645 2965 701 3018 etc.

281 3054 403 3116 Minime
428 3053 530 3133 igitur,
557 3072 648 3132 quum
675 3053 820 3116 clamandi
848 3055 941 3115 solam
968 3055 1029 3115 vim
1055 3071 1117 3115 non
1144 3053 1262 3127 babeat,
1290 3053 1347 3115 hoc

195 3151 258 3213 loco
274 3162 319 3214 est
333 3152 503 3213 ferendum.
532 3151 634 3230 ltaque
646 3152 775 3214 Dindorf
786 3150 876 3215 λάκω
893 3136 1059 3232 proposuit
1091 3152 1148 3213 Sed
1165 3153 1346 3215 coniunctivi

194 3249 349 3311 dubitativi
364 3249 414 3330 qui
435 3257 556 3311 vocatur
578 3249 627 3310 hic
647 3249 748 3310 nullus
770 3250 853 3312 locus
877 3259 922 3311 est
942 3271 1042 3332 neque
1058 3251 1182 3312 omnino
1199 3252 1345 3313 clamandi

194 3355 246 3408 aut
271 3349 451 3410 vociferandi
475 3347 601 3408 verbum
627 3347 675 3407 hic
701 3349 873 3428 requiritur,
900 3351 954 3410 sed
982 3350 1169 3412 audiendi.
1205 3351 1239 3410 ld
1266 3351 1345 3430 quod

194 3446 415 3508 demonstratur
435 3464 522 3507 versu
548 3445 600 3525 qui
625 3445 769 3524 sequitur.
801 3446 891 3509 Cuius
911 3449 1073 3510 sententia:
1101 3449 1217 3510 ‘omnia
1239 3449 1344 3509 timido

193 3543 350 3625 strepere’,
375 3562 463 3605 causa
486 3553 533 3605 est
550 3544 792 3623 interrogationis
809 3547 845 3606 de
862 3565 918 3625 qua
935 3549 1133 3627 disputamus
1165 3548 1344 3626 Corruptum

191 3641 281 3721 igitur
298 3661 364 3702 esse
378 3633 506 3703 ύλακοῶ
526 3642 571 3702 vel
590 3637 658 3704 ύλά
674 3643 788 3704 conicio
810 3663 846 3704 ex
868 3640 983 3705 κλύω.
1015 3645 1080 3718 Quo
1100 3653 1220 3725 recepto
1243 3653 1344 3706 tamen

191 3757 294 3802 versus
310 3738 446 3801 nondum
462 3747 507 3800 est
521 3739 707 3802 emendatus.
737 3742 813 3803 Nam
830 3747 884 3822 pr'o
905 3743 1115 3805 interiectione
1137 3737 1162 3805 oi
1184 3743 1342 3822 legendum

193 3847 239 3898 est
255 3834 334 3899 ούκ.
365 3838 407 3898 lta
423 3855 526 3898 versus
544 3845 590 3898 est

292 3950 357 4028 βοᾷ
378 3967 443 4022 τις·
467 3943 535 4010 ούκ
558 3944 709 4026 ἀκούετ’,·
732 3946 752 4033 ἢ
774 3946 882 4033 μάτην
903 3948 1005 4013 κλύω
1014 3978 1026 4026 ,·

293 4040 425 4110 ἅπαντα
446 4042 509 4129 γάρ
531 4068 585 4109 τοι
607 4047 653 4131 τῷ
675 4048 875 4131 φοβουμένῳ
898 4057 1019 4132 ψοφεῖ,

191 4157 353 4218 sententia:
379 4157 499 4220 ‘clamat
524 4163 597 4240 puis,
622 4175 718 4221 κοκκο
744 4158 873 4222 auditis?
900 4179 940 4222 οκ
965 4162 1082 4241 [rastro
1097 4159 1206 4224 audio?
1237 4163 1344 4226 Omuio

190 4258 266 4316 enim
290 4257 422 4336 profecto
449 4261 587 4320 mutuanti
613 4257 765 4337 strepuut'.
811 4260 876 4321 Duo
912 4260 1001 4321 verba
1037 4259 1117 4320 idem
1146 4259 1342 4339 significantia

190 4347 276 4413 κλύω
304 4359 333 4414 et
360 4347 468 4415 ἀκούω
494 4356 598 4418 eodem
625 4356 657 4417 in
684 4375 773 4418 versu
799 4364 894 4437 posite
922 4377 989 4420 esse
1015 4375 1077 4418 non
1105 4365 1149 4418 est
1176 4346 1342 4438 quodiam

190 4451 355 4513 delendam.

657 4561 869 4580 -,-—..

242 4637 385 4694 Mueller,
400 4638 541 4696 Sophocles.
1164 4665 1179 4717 6
