<?xml version="1.0" encoding="UTF-8"?>
<!DOCTYPE html PUBLIC "-//W3C//DTD XHTML 1.0 Transitional//EN"
    "http://www.w3.org/TR/xhtml1/DTD/xhtml1-transitional.dtd">
<html xmlns="http://www.w3.org/1999/xhtml" xml:lang="en" lang="en">
 <head>
  <title>
</title>
<meta http-equiv="Content-Type" content="text/html;charset=utf-8" />
  <meta name='ocr-system' content='tesseract 3.04.00' />
  <meta name='ocr-capabilities' content='ocr_page ocr_carea ocr_par ocr_line ocrx_word'/>
</head>
<body>
  <div class='ocr_page' id='page_1' title='image "./emendationeseti00muelgoog_0056.png"; bbox 0 0 3248 5142; ppageno 0'>
   <div class='ocr_carea' id='block_1_1' title="bbox 651 385 873 446">
    <p class='ocr_par' dir='ltr' id='par_1_1' title="bbox 651 385 873 446">
     <span class='ocr_line' id='line_1_1' title="bbox 651 385 873 446; baseline 0.009 -20"><span class='ocrx_word' id='word_1_1' title='bbox 651 385 873 446; x_wconf 74' lang='grc'>-49-</span> 
     </span>
    </p>
   </div>
   <div class='ocr_carea' id='block_1_2' title="bbox 194 557 1330 1230">
    <p class='ocr_par' dir='ltr' id='par_1_2' title="bbox 194 557 1330 1036">
     <span class='ocr_line' id='line_1_2' title="bbox 194 557 1328 637; baseline 0.002 -19"><span class='ocrx_word' id='word_1_2' title='bbox 194 567 223 619; x_wconf 91' lang='lat' dir='ltr'><strong>et</strong></span> <span class='ocrx_word' id='word_1_3' title='bbox 245 557 392 618; x_wconf 73' lang='lat' dir='ltr'><strong>sementia</strong></span> <span class='ocrx_word' id='word_1_4' title='bbox 415 567 516 636; x_wconf 89' lang='lat' dir='ltr'><strong>aptum</strong></span> <span class='ocrx_word' id='word_1_5' title='bbox 548 567 613 621; x_wconf 92' lang='lat' dir='ltr'><strong>eta</strong></span> <span class='ocrx_word' id='word_1_6' title='bbox 637 559 741 620; x_wconf 90' lang='lat' dir='ltr'><strong>Bothio</strong></span> <span class='ocrx_word' id='word_1_7' title='bbox 764 579 780 620; x_wconf 93' lang='lat' dir='ltr'><strong>e</strong></span> <span class='ocrx_word' id='word_1_8' title='bbox 803 559 914 636; x_wconf 89' lang='lat' dir='ltr'><strong>legibus</strong></span> <span class='ocrx_word' id='word_1_9' title='bbox 936 559 1136 637; x_wconf 79' lang='lat' dir='ltr'><strong>grammaticis</strong></span> <span class='ocrx_word' id='word_1_10' title='bbox 1163 569 1328 622; x_wconf 87' lang='lat' dir='ltr'><strong>correctum</strong></span> 
     </span>
     <span class='ocr_line' id='line_1_3' title="bbox 194 647 1329 740; baseline 0.004 -24"><span class='ocrx_word' id='word_1_11' title='bbox 194 657 245 730; x_wconf 86' lang='lat' dir='ltr'><strong>sit,</strong></span> <span class='ocrx_word' id='word_1_12' title='bbox 269 656 495 736; x_wconf 86' lang='lat' dir='ltr'><strong>expungendum</strong></span> <span class='ocrx_word' id='word_1_13' title='bbox 520 656 634 718; x_wconf 89' lang='lat' dir='ltr'><strong>videtur</strong></span> <span class='ocrx_word' id='word_1_14' title='bbox 656 648 694 718; x_wconf 81' lang='grc' dir='ltr'><strong>οὐ</strong></span> <span class='ocrx_word' id='word_1_15' title='bbox 722 647 785 738; x_wconf 74' lang='grc' dir='ltr'><strong>γάρ</strong></span> <span class='ocrx_word' id='word_1_16' title='bbox 806 651 841 739; x_wconf 81' lang='grc' dir='ltr'><strong>μ’</strong></span> <span class='ocrx_word' id='word_1_17' title='bbox 865 653 913 718; x_wconf 82' lang='grc' dir='ltr'><strong>ἔτι</strong></span> <span class='ocrx_word' id='word_1_18' title='bbox 934 652 1102 740; x_wconf 72' lang='grc' dir='ltr'><strong><em>ἕσόψεσθ’</em></strong></span> <span class='ocrx_word' id='word_1_19' title='bbox 1125 651 1227 732; x_wconf 76' lang='grc' dir='ltr'><strong><em>αὖθις</em></strong></span> <span class='ocrx_word' id='word_1_20' title='bbox 1249 660 1329 737; x_wconf 88' lang='lat' dir='ltr'><strong>glos-</strong></span> 
     </span>
     <span class='ocr_line' id='line_1_4' title="bbox 194 753 1328 841; baseline 0.006 -27"><span class='ocrx_word' id='word_1_21' title='bbox 194 773 273 816; x_wconf 88' lang='lat' dir='ltr'><strong>sema</strong></span> <span class='ocrx_word' id='word_1_22' title='bbox 296 763 325 816; x_wconf 89' lang='lat' dir='ltr'><strong>et</strong></span> <span class='ocrx_word' id='word_1_23' title='bbox 347 755 642 836; x_wconf 81' lang='lat' dir='ltr'><strong>interpretamentum</strong></span> <span class='ocrx_word' id='word_1_24' title='bbox 666 773 767 817; x_wconf 89' lang='lat' dir='ltr'><strong>versus</strong></span> <span class='ocrx_word' id='word_1_25' title='bbox 786 755 866 816; x_wconf 85' lang='grc'><strong>1436</strong></span> <span class='ocrx_word' id='word_1_26' title='bbox 882 764 968 836; x_wconf 88' lang='lat' dir='ltr'><strong>atque</strong></span> <span class='ocrx_word' id='word_1_27' title='bbox 991 765 1025 817; x_wconf 94' lang='lat' dir='ltr'><strong>ut</strong></span> <span class='ocrx_word' id='word_1_28' title='bbox 1045 753 1198 838; x_wconf 71' lang='grc' dir='ltr'><strong><em>μέθεσθε</em></strong></span> <span class='ocrx_word' id='word_1_29' title='bbox 1219 753 1251 820; x_wconf 80' lang='grc' dir='ltr'><strong>δ’</strong></span> <span class='ocrx_word' id='word_1_30' title='bbox 1267 755 1328 841; x_wconf 75' lang='grc' dir='ltr'><strong>ἤδη</strong></span> 
     </span>
     <span class='ocr_line' id='line_1_5' title="bbox 195 855 1330 935; baseline 0.005 -21"><span class='ocrx_word' id='word_1_31' title='bbox 195 861 224 914; x_wconf 90' lang='lat' dir='ltr'><strong>et</strong></span> <span class='ocrx_word' id='word_1_32' title='bbox 256 872 331 934; x_wconf 91' lang='lat' dir='ltr'><strong>quae</strong></span> <span class='ocrx_word' id='word_1_33' title='bbox 365 861 532 934; x_wconf 88' lang='lat' dir='ltr'><strong>sequuntur</strong></span> <span class='ocrx_word' id='word_1_34' title='bbox 565 855 731 915; x_wconf 86' lang='lat' dir='ltr'><strong>trimetrum</strong></span> <span class='ocrx_word' id='word_1_35' title='bbox 767 855 896 917; x_wconf 80' lang='lat' dir='ltr'><strong>efficiant</strong></span> <span class='ocrx_word' id='word_1_36' title='bbox 928 855 1038 916; x_wconf 90' lang='lat' dir='ltr'><strong>iustum</strong></span> <span class='ocrx_word' id='word_1_37' title='bbox 1073 874 1140 917; x_wconf 93' lang='lat' dir='ltr'><strong>cum</strong></span> <span class='ocrx_word' id='word_1_38' title='bbox 1169 857 1330 935; x_wconf 77' lang='lat' dir='ltr'><strong>Antigonae</strong></span> 
     </span>
     <span class='ocr_line' id='line_1_6' title="bbox 194 946 960 1036; baseline 0 -22"><span class='ocrx_word' id='word_1_39' title='bbox 194 953 301 1015; x_wconf 88' lang='lat' dir='ltr'><strong>eiulatu</strong></span> <span class='ocrx_word' id='word_1_40' title='bbox 323 948 474 1036; x_wconf 76' lang='grc' dir='ltr'><strong><em>χαίρετον</em></strong></span> <span class='ocrx_word' id='word_1_41' title='bbox 496 946 526 1013; x_wconf 85' lang='grc' dir='ltr'><strong>τ’</strong></span> <span class='ocrx_word' id='word_1_42' title='bbox 549 953 723 1014; x_wconf 86' lang='lat' dir='ltr'><strong>certandum</strong></span> <span class='ocrx_word' id='word_1_43' title='bbox 748 954 777 1014; x_wconf 93' lang='lat' dir='ltr'><strong>iu</strong></span> <span class='ocrx_word' id='word_1_44' title='bbox 800 949 960 1033; x_wconf 79' lang='grc' dir='ltr'><strong><em>χαίρετ’.</em></strong></span> 
     </span>
    </p>

    <p class='ocr_par' dir='ltr' id='par_1_3' title="bbox 194 1051 1330 1230">
     <span class='ocr_line' id='line_1_7' title="bbox 279 1051 1330 1134; baseline 0.006 -23"><span class='ocrx_word' id='word_1_45' title='bbox 279 1070 321 1111; x_wconf 87' lang='lat' dir='ltr'><strong>vv.</strong></span> <span class='ocrx_word' id='word_1_46' title='bbox 347 1052 426 1111; x_wconf 84' lang='grc'><strong>1457</strong></span> <span class='ocrx_word' id='word_1_47' title='bbox 437 1071 482 1131; x_wconf 91' lang='lat' dir='ltr'><strong>sq.</strong></span> <span class='ocrx_word' id='word_1_48' title='bbox 526 1051 696 1113; x_wconf 85' lang='lat' dir='ltr'><strong>Tonitrihus</strong></span> <span class='ocrx_word' id='word_1_49' title='bbox 729 1053 831 1132; x_wconf 89' lang='lat' dir='ltr'><strong>primis</strong></span> <span class='ocrx_word' id='word_1_50' title='bbox 864 1052 969 1114; x_wconf 91' lang='lat' dir='ltr'><strong>auditis</strong></span> <span class='ocrx_word' id='word_1_51' title='bbox 992 1053 1122 1134; x_wconf 85' lang='lat' dir='ltr'><strong>Oedipus</strong></span> <span class='ocrx_word' id='word_1_52' title='bbox 1156 1054 1228 1116; x_wconf 86' lang='lat' dir='ltr'><strong>filias</strong></span> <span class='ocrx_word' id='word_1_53' title='bbox 1261 1073 1330 1117; x_wconf 88' lang='lat' dir='ltr'><strong>suas</strong></span> 
     </span>
     <span class='ocr_line' id='line_1_8' title="bbox 194 1149 1106 1230; baseline 0.001 -20"><span class='ocrx_word' id='word_1_54' title='bbox 194 1151 318 1230; x_wconf 90' lang='lat' dir='ltr'><strong>appellat</strong></span> <span class='ocrx_word' id='word_1_55' title='bbox 340 1156 373 1210; x_wconf 91' lang='lat' dir='ltr'><strong>ut</strong></span> <span class='ocrx_word' id='word_1_56' title='bbox 394 1149 472 1210; x_wconf 89' lang='lat' dir='ltr'><strong>illico</strong></span> <span class='ocrx_word' id='word_1_57' title='bbox 496 1149 623 1221; x_wconf 85' lang='lat' dir='ltr'><strong>mittant,</strong></span> <span class='ocrx_word' id='word_1_58' title='bbox 647 1151 697 1229; x_wconf 95' lang='lat' dir='ltr'><strong>qui</strong></span> <span class='ocrx_word' id='word_1_59' title='bbox 719 1149 868 1212; x_wconf 82' lang='lat' dir='ltr'><strong>Theseum</strong></span> <span class='ocrx_word' id='word_1_60' title='bbox 891 1159 1026 1221; x_wconf 85' lang='lat' dir='ltr'><strong>arcessat,</strong></span> <span class='ocrx_word' id='word_1_61' title='bbox 1103 1157 1106 1164; x_wconf 85' lang='lat'>&#39;</span> 
     </span>
    </p>
   </div>
   <div class='ocr_carea' id='block_1_3' title="bbox 292 1268 1047 1455">
    <p class='ocr_par' dir='ltr' id='par_1_4' title="bbox 292 1268 1047 1455">
     <span class='ocr_line' id='line_1_9' title="bbox 293 1268 1047 1349; baseline 0.003 -15"><span class='ocrx_word' id='word_1_62' title='bbox 293 1268 318 1334; x_wconf 81' lang='grc' dir='ltr'><em>ὦ</em></span> <span class='ocrx_word' id='word_1_63' title='bbox 339 1273 446 1348; x_wconf 75' lang='grc' dir='ltr'><strong><em>τέκνα,</em></strong></span> <span class='ocrx_word' id='word_1_64' title='bbox 469 1275 577 1347; x_wconf 79' lang='grc' dir='ltr'><strong><em>τέκνα,</em></strong></span> <span class='ocrx_word' id='word_1_65' title='bbox 602 1273 673 1346; x_wconf 77' lang='grc' dir='ltr'><strong><em>πῶς</em></strong></span> <span class='ocrx_word' id='word_1_66' title='bbox 695 1270 748 1348; x_wconf 83' lang='grc' dir='ltr'><strong>ἄν,</strong></span> <span class='ocrx_word' id='word_1_67' title='bbox 773 1276 875 1347; x_wconf 83' lang='grc' dir='ltr'><strong><em>εἴτις</em></strong></span> <span class='ocrx_word' id='word_1_68' title='bbox 897 1271 1047 1349; x_wconf 75' lang='grc' dir='ltr'><strong><em>ἔποπος,</em></strong></span> 
     </span>
     <span class='ocr_line' id='line_1_10' title="bbox 292 1362 1031 1455; baseline 0 -22"><span class='ocrx_word' id='word_1_69' title='bbox 292 1371 350 1433; x_wconf 88' lang='grc' dir='ltr'><strong>τὸν</strong></span> <span class='ocrx_word' id='word_1_70' title='bbox 372 1362 474 1434; x_wconf 72' lang='grc' dir='ltr'><strong><em>πάντ’</em></strong></span> <span class='ocrx_word' id='word_1_71' title='bbox 498 1367 633 1453; x_wconf 83' lang='grc' dir='ltr'><strong><em>ἄριστον</em></strong></span> <span class='ocrx_word' id='word_1_72' title='bbox 655 1369 753 1452; x_wconf 83' lang='grc' dir='ltr'><strong><em>δεῦρο</em></strong></span> <span class='ocrx_word' id='word_1_73' title='bbox 777 1373 891 1455; x_wconf 83' lang='grc' dir='ltr'><em>Θησέα</em></span> <span class='ocrx_word' id='word_1_74' title='bbox 914 1369 1013 1452; x_wconf 84' lang='grc' dir='ltr'><strong><em>πόροι</em></strong></span> <span class='ocrx_word' id='word_1_75' title='bbox 1019 1400 1031 1449; x_wconf 84' lang='lat'><strong>,·</strong></span> 
     </span>
    </p>
   </div>
   <div class='ocr_carea' id='block_1_4' title="bbox 193 1489 1333 2465">
    <p class='ocr_par' dir='ltr' id='par_1_5' title="bbox 193 1489 1333 2465">
     <span class='ocr_line' id='line_1_11' title="bbox 194 1489 1331 1582; baseline 0.002 -26"><span class='ocrx_word' id='word_1_76' title='bbox 194 1495 227 1557; x_wconf 93' lang='lat' dir='ltr'><strong>ln</strong></span> <span class='ocrx_word' id='word_1_77' title='bbox 250 1497 296 1557; x_wconf 93' lang='lat' dir='ltr'><strong>his</strong></span> <span class='ocrx_word' id='word_1_78' title='bbox 319 1498 405 1558; x_wconf 77' lang='lat' dir='ltr'><strong>rerba</strong></span> <span class='ocrx_word' id='word_1_79' title='bbox 428 1498 529 1570; x_wconf 84' lang='grc' dir='ltr'><strong><em>εἴτις</em></strong></span> <span class='ocrx_word' id='word_1_80' title='bbox 552 1489 690 1570; x_wconf 70' lang='grc' dir='ltr'><strong><em>ἔποπος</em></strong></span> <span class='ocrx_word' id='word_1_81' title='bbox 722 1499 904 1578; x_wconf 82' lang='lat' dir='ltr'><strong>explicantur</strong></span> <span class='ocrx_word' id='word_1_82' title='bbox 937 1497 968 1559; x_wconf 85' lang='grc' dir='ltr'><strong>εἴ</strong></span> <span class='ocrx_word' id='word_1_83' title='bbox 1000 1519 1050 1570; x_wconf 83' lang='grc' dir='ltr'><strong>τις</strong></span> <span class='ocrx_word' id='word_1_84' title='bbox 1083 1496 1118 1560; x_wconf 73' lang='grc' dir='ltr'><strong>ἐν</strong></span> <span class='ocrx_word' id='word_1_85' title='bbox 1150 1491 1253 1582; x_wconf 84' lang='grc' dir='ltr'><strong><em>τούτῳ</em></strong></span> <span class='ocrx_word' id='word_1_86' title='bbox 1286 1497 1331 1580; x_wconf 77' lang='grc' dir='ltr'><strong>τῷ</strong></span> 
     </span>
     <span class='ocr_line' id='line_1_12' title="bbox 193 1590 1330 1678; baseline 0.002 -23"><span class='ocrx_word' id='word_1_87' title='bbox 193 1592 287 1678; x_wconf 84' lang='grc' dir='ltr'><strong><em>τόπῳ</em></strong></span> <span class='ocrx_word' id='word_1_88' title='bbox 310 1593 407 1667; x_wconf 77' lang='grc' dir='ltr'><strong><em>ἐστίν,</em></strong></span> <span class='ocrx_word' id='word_1_89' title='bbox 431 1597 496 1657; x_wconf 91' lang='lat' dir='ltr'><strong>coll.</strong></span> <span class='ocrx_word' id='word_1_90' title='bbox 512 1596 586 1657; x_wconf 89' lang='lat' dir='ltr'><strong>Phil.</strong></span> <span class='ocrx_word' id='word_1_91' title='bbox 602 1616 628 1656; x_wconf 86' lang='lat' dir='ltr'><strong>v.</strong></span> <span class='ocrx_word' id='word_1_92' title='bbox 646 1597 706 1657; x_wconf 85' lang='lat'><strong>212</strong></span> <span class='ocrx_word' id='word_1_93' title='bbox 731 1591 788 1658; x_wconf 81' lang='grc' dir='ltr'><strong>οὐκ</strong></span> <span class='ocrx_word' id='word_1_94' title='bbox 812 1593 955 1678; x_wconf 84' lang='grc' dir='ltr'><strong><em>ἔξεδρος,</em></strong></span> <span class='ocrx_word' id='word_1_95' title='bbox 978 1591 1055 1656; x_wconf 76' lang='grc' dir='ltr'><strong>ἀλλ’</strong></span> <span class='ocrx_word' id='word_1_96' title='bbox 1078 1593 1217 1669; x_wconf 84' lang='grc' dir='ltr'><strong><em>ἔποπος</em></strong></span> <span class='ocrx_word' id='word_1_97' title='bbox 1238 1590 1330 1678; x_wconf 75' lang='grc' dir='ltr'><strong><em>ἁνήρ.</em></strong></span> 
     </span>
     <span class='ocr_line' id='line_1_13' title="bbox 195 1692 1330 1774; baseline 0.002 -20"><span class='ocrx_word' id='word_1_98' title='bbox 195 1694 294 1774; x_wconf 86' lang='lat' dir='ltr'><strong>Neque</strong></span> <span class='ocrx_word' id='word_1_99' title='bbox 320 1696 375 1756; x_wconf 91' lang='lat' dir='ltr'><strong>hac</strong></span> <span class='ocrx_word' id='word_1_100' title='bbox 404 1695 536 1758; x_wconf 87' lang='lat' dir='ltr'><strong>adiectiri</strong></span> <span class='ocrx_word' id='word_1_101' title='bbox 564 1692 701 1768; x_wconf 78' lang='grc' dir='ltr'><strong><em>ἔποπος</em></strong></span> <span class='ocrx_word' id='word_1_102' title='bbox 727 1695 939 1774; x_wconf 81' lang='lat' dir='ltr'><strong>significatione</strong></span> <span class='ocrx_word' id='word_1_103' title='bbox 966 1695 1153 1770; x_wconf 79' lang='lat' dir='ltr'><strong>offenderim,</strong></span> <span class='ocrx_word' id='word_1_104' title='bbox 1181 1696 1231 1755; x_wconf 90' lang='lat' dir='ltr'><strong>sed</strong></span> <span class='ocrx_word' id='word_1_105' title='bbox 1261 1713 1330 1756; x_wconf 87' lang='lat' dir='ltr'><strong>seu-</strong></span> 
     </span>
     <span class='ocr_line' id='line_1_14' title="bbox 193 1789 1331 1873; baseline 0 -20"><span class='ocrx_word' id='word_1_106' title='bbox 193 1793 294 1867; x_wconf 88' lang='lat' dir='ltr'><strong>tentia‚</strong></span> <span class='ocrx_word' id='word_1_107' title='bbox 317 1813 391 1873; x_wconf 92' lang='lat' dir='ltr'><strong>quae</strong></span> <span class='ocrx_word' id='word_1_108' title='bbox 413 1796 470 1856; x_wconf 95' lang='lat' dir='ltr'><strong>hoc</strong></span> <span class='ocrx_word' id='word_1_109' title='bbox 485 1795 619 1856; x_wconf 87' lang='lat' dir='ltr'><strong>membro</strong></span> <span class='ocrx_word' id='word_1_110' title='bbox 635 1793 824 1855; x_wconf 90' lang='lat' dir='ltr'><strong>conditionali</strong></span> <span class='ocrx_word' id='word_1_111' title='bbox 847 1793 1030 1873; x_wconf 83' lang='lat' dir='ltr'><strong>exprimitur.</strong></span> <span class='ocrx_word' id='word_1_112' title='bbox 1068 1789 1166 1865; x_wconf 80' lang='lat' dir='ltr'><strong>Ouid?</strong></span> <span class='ocrx_word' id='word_1_113' title='bbox 1200 1791 1331 1872; x_wconf 87' lang='lat' dir='ltr'><strong>Oedipus</strong></span> 
     </span>
     <span class='ocr_line' id='line_1_15' title="bbox 193 1887 1331 1973; baseline -0.001 -21"><span class='ocrx_word' id='word_1_114' title='bbox 193 1900 257 1953; x_wconf 91' lang='lat' dir='ltr'><strong>toto</strong></span> <span class='ocrx_word' id='word_1_115' title='bbox 283 1893 374 1954; x_wconf 91' lang='lat' dir='ltr'><strong>choro</strong></span> <span class='ocrx_word' id='word_1_116' title='bbox 396 1902 552 1973; x_wconf 87' lang='lat' dir='ltr'><strong>praesente</strong></span> <span class='ocrx_word' id='word_1_117' title='bbox 587 1893 707 1964; x_wconf 84' lang='lat' dir='ltr'><strong>dixerit,</strong></span> <span class='ocrx_word' id='word_1_118' title='bbox 740 1891 764 1952; x_wconf 90' lang='lat' dir='ltr'><strong>si</strong></span> <span class='ocrx_word' id='word_1_119' title='bbox 797 1891 862 1971; x_wconf 90' lang='lat' dir='ltr'><strong>quis</strong></span> <span class='ocrx_word' id='word_1_120' title='bbox 896 1891 987 1965; x_wconf 88' lang='lat' dir='ltr'><strong>adsit,</strong></span> <span class='ocrx_word' id='word_1_121' title='bbox 1010 1891 1156 1954; x_wconf 86' lang='lat' dir='ltr'><strong>Theseum</strong></span> <span class='ocrx_word' id='word_1_122' title='bbox 1179 1887 1331 1953; x_wconf 76' lang='lat' dir='ltr'><strong>arcessat?</strong></span> 
     </span>
     <span class='ocr_line' id='line_1_16' title="bbox 194 1989 1331 2071; baseline 0 -21"><span class='ocrx_word' id='word_1_123' title='bbox 194 1991 295 2069; x_wconf 90' lang='lat' dir='ltr'><strong>Neque</strong></span> <span class='ocrx_word' id='word_1_124' title='bbox 317 2010 361 2050; x_wconf 83' lang='lat' dir='ltr'><strong>vv.</strong></span> <span class='ocrx_word' id='word_1_125' title='bbox 385 1993 464 2052; x_wconf 79' lang='lat'>1475</span> <span class='ocrx_word' id='word_1_126' title='bbox 478 2012 520 2071; x_wconf 91' lang='lat' dir='ltr'><strong>sq.</strong></span> <span class='ocrx_word' id='word_1_127' title='bbox 545 1999 605 2053; x_wconf 90' lang='lat' dir='ltr'><strong>tarn</strong></span> <span class='ocrx_word' id='word_1_128' title='bbox 633 1993 731 2070; x_wconf 89' lang='lat' dir='ltr'><strong>inepte</strong></span> <span class='ocrx_word' id='word_1_129' title='bbox 761 1991 891 2069; x_wconf 91' lang='lat' dir='ltr'><strong>loquitur</strong></span> <span class='ocrx_word' id='word_1_130' title='bbox 914 1998 944 2050; x_wconf 90' lang='lat' dir='ltr'><strong>et</strong></span> <span class='ocrx_word' id='word_1_131' title='bbox 966 2009 1011 2048; x_wconf 87' lang='lat' dir='ltr'><strong>rr.</strong></span> <span class='ocrx_word' id='word_1_132' title='bbox 1037 1989 1187 2070; x_wconf 80' lang='lat' dir='ltr'><strong>llOlsqq.</strong></span> <span class='ocrx_word' id='word_1_133' title='bbox 1209 1989 1331 2068; x_wconf 91' lang='lat' dir='ltr'><strong>abipso</strong></span> 
     </span>
     <span class='ocr_line' id='line_1_17' title="bbox 195 2087 1331 2168; baseline -0.001 -19"><span class='ocrx_word' id='word_1_134' title='bbox 195 2089 283 2149; x_wconf 90' lang='lat' dir='ltr'><strong>choro</strong></span> <span class='ocrx_word' id='word_1_135' title='bbox 305 2090 438 2150; x_wconf 88' lang='lat' dir='ltr'><strong>Theseus</strong></span> <span class='ocrx_word' id='word_1_136' title='bbox 474 2097 594 2150; x_wconf 87' lang='lat' dir='ltr'><strong>vocatur</strong></span> <span class='ocrx_word' id='word_1_137' title='bbox 627 2098 655 2150; x_wconf 90' lang='lat' dir='ltr'><strong>et</strong></span> <span class='ocrx_word' id='word_1_138' title='bbox 688 2089 723 2149; x_wconf 92' lang='lat' dir='ltr'><strong>ah</strong></span> <span class='ocrx_word' id='word_1_139' title='bbox 757 2108 805 2149; x_wconf 87' lang='lat' dir='ltr'><strong>ara</strong></span> <span class='ocrx_word' id='word_1_140' title='bbox 829 2087 956 2168; x_wconf 88' lang='lat' dir='ltr'><strong>Neptuni</strong></span> <span class='ocrx_word' id='word_1_141' title='bbox 985 2107 1181 2168; x_wconf 90' lang='lat' dir='ltr'><strong>approperare</strong></span> <span class='ocrx_word' id='word_1_142' title='bbox 1203 2087 1331 2149; x_wconf 90' lang='lat' dir='ltr'><strong>iubetur.</strong></span> 
     </span>
     <span class='ocr_line' id='line_1_18' title="bbox 195 2186 1333 2267; baseline -0.002 -19"><span class='ocrx_word' id='word_1_143' title='bbox 195 2187 313 2248; x_wconf 85' lang='lat' dir='ltr'><strong>Conicio</strong></span> <span class='ocrx_word' id='word_1_144' title='bbox 336 2206 404 2267; x_wconf 87' lang='lat' dir='ltr'><strong>ergo</strong></span> <span class='ocrx_word' id='word_1_145' title='bbox 427 2187 537 2248; x_wconf 85' lang='lat' dir='ltr'><strong>litteras</strong></span> <span class='ocrx_word' id='word_1_146' title='bbox 560 2187 605 2248; x_wconf 75' lang='lat' dir='ltr'><strong>Ol</strong></span> <span class='ocrx_word' id='word_1_147' title='bbox 623 2207 658 2246; x_wconf 89' lang='lat' dir='ltr'><strong>ex</strong></span> <span class='ocrx_word' id='word_1_148' title='bbox 681 2186 785 2247; x_wconf 89' lang='lat' dir='ltr'><strong>litteris</strong></span> <span class='ocrx_word' id='word_1_149' title='bbox 812 2187 905 2246; x_wconf 89' lang='lat' dir='ltr'><strong>OYN</strong></span> <span class='ocrx_word' id='word_1_150' title='bbox 923 2192 1077 2265; x_wconf 90' lang='lat' dir='ltr'><strong>corruptas</strong></span> <span class='ocrx_word' id='word_1_151' title='bbox 1101 2205 1173 2259; x_wconf 77' lang='lat' dir='ltr'><strong>esse,</strong></span> <span class='ocrx_word' id='word_1_152' title='bbox 1197 2186 1333 2247; x_wconf 89' lang='lat' dir='ltr'><strong>scriben-</strong></span> 
     </span>
     <span class='ocr_line' id='line_1_19' title="bbox 195 2281 885 2365; baseline -0.003 -19"><span class='ocrx_word' id='word_1_153' title='bbox 195 2289 326 2365; x_wconf 87' lang='lat' dir='ltr'><strong>dumque</strong></span> <span class='ocrx_word' id='word_1_154' title='bbox 347 2285 418 2357; x_wconf 80' lang='grc' dir='ltr'><strong><em>πῶς</em></strong></span> <span class='ocrx_word' id='word_1_155' title='bbox 441 2281 482 2347; x_wconf 81' lang='grc' dir='ltr'><strong>ἂν</strong></span> <span class='ocrx_word' id='word_1_156' title='bbox 505 2281 574 2348; x_wconf 84' lang='grc' dir='ltr'><strong>οὖν</strong></span> <span class='ocrx_word' id='word_1_157' title='bbox 596 2307 645 2357; x_wconf 89' lang='grc' dir='ltr'><strong>τις</strong></span> <span class='ocrx_word' id='word_1_158' title='bbox 669 2282 807 2356; x_wconf 82' lang='grc' dir='ltr'><strong><em>ἔποπος</em></strong></span> <span class='ocrx_word' id='word_1_159' title='bbox 829 2292 885 2345; x_wconf 87' lang='lat' dir='ltr'><strong>etc.</strong></span> 
     </span>
     <span class='ocr_line' id='line_1_20' title="bbox 278 2383 498 2465; baseline 0.005 -21"><span class='ocrx_word' id='word_1_160' title='bbox 278 2403 322 2444; x_wconf 85' lang='lat' dir='ltr'><strong>rr.</strong></span> <span class='ocrx_word' id='word_1_161' title='bbox 342 2383 498 2465; x_wconf 77' lang='lat' dir='ltr'><strong>1534sqq.</strong></span> 
     </span>
    </p>
   </div>
   <div class='ocr_carea' id='block_1_5' title="bbox 294 2489 1105 2580">
    <p class='ocr_par' dir='ltr' id='par_1_6' title="bbox 294 2489 1105 2580">
     <span class='ocr_line' id='line_1_21' title="bbox 294 2489 1105 2580; baseline -0.001 -23"><span class='ocrx_word' id='word_1_162' title='bbox 294 2495 452 2580; x_wconf 73' lang='grc' dir='ltr'><strong><em>σπαρτῶν</em></strong></span> <span class='ocrx_word' id='word_1_163' title='bbox 474 2490 535 2560; x_wconf 83' lang='grc' dir='ltr'><strong><em>ἀπ’</em></strong></span> <span class='ocrx_word' id='word_1_164' title='bbox 559 2492 699 2576; x_wconf 77' lang='grc' dir='ltr'><strong><em>ἀνδρῶν·</em></strong></span> <span class='ocrx_word' id='word_1_165' title='bbox 723 2490 759 2555; x_wconf 74' lang='grc' dir='ltr'><strong>αἱ</strong></span> <span class='ocrx_word' id='word_1_166' title='bbox 783 2492 819 2557; x_wconf 80' lang='grc' dir='ltr'><strong>δὲ</strong></span> <span class='ocrx_word' id='word_1_167' title='bbox 841 2495 957 2577; x_wconf 84' lang='grc' dir='ltr'><strong><em>μορίαι</em></strong></span> <span class='ocrx_word' id='word_1_168' title='bbox 982 2489 1105 2569; x_wconf 81' lang='grc' dir='ltr'><strong><em>πόλεις,</em></strong></span> 
     </span>
    </p>
   </div>
   <div class='ocr_carea' id='block_1_6' title="bbox 293 2589 1083 3070">
    <p class='ocr_par' dir='ltr' id='par_1_7' title="bbox 293 2589 1083 3070">
     <span class='ocr_line' id='line_1_22' title="bbox 294 2589 985 2684; baseline -0.001 -29"><span class='ocrx_word' id='word_1_169' title='bbox 294 2589 358 2657; x_wconf 76' lang='grc' dir='ltr'><strong>κᾶν</strong></span> <span class='ocrx_word' id='word_1_170' title='bbox 380 2589 416 2658; x_wconf 85' lang='grc' dir='ltr'><strong>εὖ</strong></span> <span class='ocrx_word' id='word_1_171' title='bbox 437 2617 485 2668; x_wconf 88' lang='grc' dir='ltr'><strong>τις</strong></span> <span class='ocrx_word' id='word_1_172' title='bbox 508 2596 594 2684; x_wconf 78' lang='grc' dir='ltr'><strong><em>οἰκῇ,</em></strong></span> <span class='ocrx_word' id='word_1_173' title='bbox 619 2592 741 2678; x_wconf 79' lang='grc' dir='ltr'><strong><em>ῥᾳδίως</em></strong></span> <span class='ocrx_word' id='word_1_174' title='bbox 764 2591 985 2675; x_wconf 72' lang='grc' dir='ltr'><strong><em>καθύβρισαν.</em></strong></span> 
     </span>
     <span class='ocr_line' id='line_1_23' title="bbox 293 2687 1042 2778; baseline 0 -24"><span class='ocrx_word' id='word_1_175' title='bbox 293 2693 371 2755; x_wconf 70' lang='grc' dir='ltr'><strong><em>θεοὶ</em></strong></span> <span class='ocrx_word' id='word_1_176' title='bbox 393 2693 455 2776; x_wconf 76' lang='grc' dir='ltr'><strong>γὰρ</strong></span> <span class='ocrx_word' id='word_1_177' title='bbox 478 2689 514 2756; x_wconf 86' lang='grc' dir='ltr'><strong>εὖ</strong></span> <span class='ocrx_word' id='word_1_178' title='bbox 536 2691 605 2776; x_wconf 76' lang='grc' dir='ltr'><em>μέν,</em></span> <span class='ocrx_word' id='word_1_179' title='bbox 627 2689 694 2777; x_wconf 78' lang='grc' dir='ltr'><strong>ὀψὲ</strong></span> <span class='ocrx_word' id='word_1_180' title='bbox 716 2690 749 2756; x_wconf 79' lang='grc' dir='ltr'><strong>δ’</strong></span> <span class='ocrx_word' id='word_1_181' title='bbox 774 2689 939 2778; x_wconf 73' lang='grc' dir='ltr'><strong><em>είσορῶσ’,</em></strong></span> <span class='ocrx_word' id='word_1_182' title='bbox 963 2687 1042 2755; x_wconf 85' lang='grc' dir='ltr'><strong><em>ὅταν</em></strong></span> 
     </span>
     <span class='ocr_line' id='line_1_24' title="bbox 293 2789 1083 2876; baseline -0.001 -23"><span class='ocrx_word' id='word_1_183' title='bbox 293 2793 335 2853; x_wconf 86' lang='grc' dir='ltr'><strong>τὰ</strong></span> <span class='ocrx_word' id='word_1_184' title='bbox 356 2789 427 2855; x_wconf 75' lang='grc' dir='ltr'><strong>θεῖ’</strong></span> <span class='ocrx_word' id='word_1_185' title='bbox 450 2789 548 2876; x_wconf 79' lang='grc' dir='ltr'><strong><em>ἀφείς</em></strong></span> <span class='ocrx_word' id='word_1_186' title='bbox 570 2816 620 2866; x_wconf 87' lang='grc' dir='ltr'><strong>τις</strong></span> <span class='ocrx_word' id='word_1_187' title='bbox 643 2791 675 2866; x_wconf 81' lang='grc' dir='ltr'><strong>ἒς</strong></span> <span class='ocrx_word' id='word_1_188' title='bbox 697 2791 734 2855; x_wconf 84' lang='grc' dir='ltr'><strong>τὸ</strong></span> <span class='ocrx_word' id='word_1_189' title='bbox 758 2793 942 2873; x_wconf 75' lang='grc' dir='ltr'><strong><em>μαίνεσθαι</em></strong></span> <span class='ocrx_word' id='word_1_190' title='bbox 965 2792 1083 2874; x_wconf 84' lang='grc' dir='ltr'><strong><em>τραπῇ.</em></strong></span> 
     </span>
     <span class='ocr_line' id='line_1_25' title="bbox 295 2885 1064 2972; baseline -0.005 -20"><span class='ocrx_word' id='word_1_191' title='bbox 295 2885 313 2952; x_wconf 83' lang='grc' dir='ltr'>ὃ</span> <span class='ocrx_word' id='word_1_192' title='bbox 336 2887 379 2972; x_wconf 74' lang='grc' dir='ltr'><strong>μὴ</strong></span> <span class='ocrx_word' id='word_1_193' title='bbox 403 2887 456 2964; x_wconf 78' lang='grc' dir='ltr'><strong>σύ,</strong></span> <span class='ocrx_word' id='word_1_194' title='bbox 479 2894 591 2954; x_wconf 85' lang='grc' dir='ltr'><strong><em>τέκνον</em></strong></span> <span class='ocrx_word' id='word_1_195' title='bbox 618 2891 758 2968; x_wconf 76' lang='grc' dir='ltr'><strong>Αἰγέως,</strong></span> <span class='ocrx_word' id='word_1_196' title='bbox 781 2887 903 2971; x_wconf 81' lang='grc' dir='ltr'><strong><em>βούλου</em></strong></span> <span class='ocrx_word' id='word_1_197' title='bbox 926 2891 1064 2951; x_wconf 73' lang='grc' dir='ltr'><strong><em>παθεῖν.</em></strong></span> 
     </span>
     <span class='ocr_line' id='line_1_26' title="bbox 295 2983 1042 3070; baseline 0 -22"><span class='ocrx_word' id='word_1_198' title='bbox 295 2986 336 3048; x_wconf 83' lang='grc' dir='ltr'><strong>τὰ</strong></span> <span class='ocrx_word' id='word_1_199' title='bbox 358 2987 418 3070; x_wconf 82' lang='grc' dir='ltr'><strong>μὲν</strong></span> <span class='ocrx_word' id='word_1_200' title='bbox 440 2985 566 3050; x_wconf 74' lang='grc' dir='ltr'><strong><em>τοιαῦτ’</em></strong></span> <span class='ocrx_word' id='word_1_201' title='bbox 590 2983 646 3049; x_wconf 86' lang='grc' dir='ltr'><strong>οὖν</strong></span> <span class='ocrx_word' id='word_1_202' title='bbox 668 2985 770 3050; x_wconf 75' lang='grc' dir='ltr'><strong><em>εἰδότ’</em></strong></span> <span class='ocrx_word' id='word_1_203' title='bbox 794 2983 1042 3067; x_wconf 78' lang='grc' dir='ltr'><strong><em>ἒκδιδάσκομεν.</em></strong></span> 
     </span>
    </p>
   </div>
   <div class='ocr_carea' id='block_1_7' title="bbox 194 3116 1403 4481">
    <p class='ocr_par' dir='ltr' id='par_1_8' title="bbox 194 3116 1403 4481">
     <span class='ocr_line' id='line_1_27' title="bbox 196 3116 1332 3196; baseline -0.002 -20"><span class='ocrx_word' id='word_1_204' title='bbox 196 3116 231 3176; x_wconf 84' lang='grc' dir='ltr'>Ηί</span> <span class='ocrx_word' id='word_1_205' title='bbox 255 3134 356 3177; x_wconf 90' lang='lat' dir='ltr'><strong>versus</strong></span> <span class='ocrx_word' id='word_1_206' title='bbox 379 3117 448 3196; x_wconf 92' lang='lat' dir='ltr'><strong>quid</strong></span> <span class='ocrx_word' id='word_1_207' title='bbox 470 3116 526 3177; x_wconf 89' lang='lat' dir='ltr'><strong>sibi</strong></span> <span class='ocrx_word' id='word_1_208' title='bbox 553 3117 644 3176; x_wconf 88' lang='lat' dir='ltr'><strong>velint</strong></span> <span class='ocrx_word' id='word_1_209' title='bbox 675 3116 705 3177; x_wconf 92' lang='lat' dir='ltr'><strong>in</strong></span> <span class='ocrx_word' id='word_1_210' title='bbox 730 3117 945 3177; x_wconf 88' lang='lat' dir='ltr'><strong>sententiarum</strong></span> <span class='ocrx_word' id='word_1_211' title='bbox 978 3116 1054 3178; x_wconf 89' lang='lat' dir='ltr'><strong>serie</strong></span> <span class='ocrx_word' id='word_1_212' title='bbox 1088 3135 1148 3177; x_wconf 96' lang='lat' dir='ltr'><strong>non</strong></span> <span class='ocrx_word' id='word_1_213' title='bbox 1182 3133 1332 3196; x_wconf 90' lang='lat' dir='ltr'><strong>assequor.</strong></span> 
     </span>
     <span class='ocr_line' id='line_1_28' title="bbox 195 3207 1334 3296; baseline -0.001 -21"><span class='ocrx_word' id='word_1_214' title='bbox 195 3214 267 3275; x_wconf 91' lang='lat' dir='ltr'><strong>Nam</strong></span> <span class='ocrx_word' id='word_1_215' title='bbox 292 3213 421 3294; x_wconf 90' lang='lat' dir='ltr'><strong>Oedipus</strong></span> <span class='ocrx_word' id='word_1_216' title='bbox 444 3214 591 3275; x_wconf 86' lang='lat' dir='ltr'><strong>aTheseo</strong></span> <span class='ocrx_word' id='word_1_217' title='bbox 613 3215 775 3296; x_wconf 90' lang='lat' dir='ltr'><strong>appellatus</strong></span> <span class='ocrx_word' id='word_1_218' title='bbox 798 3223 831 3275; x_wconf 91' lang='lat' dir='ltr'><strong>ut</strong></span> <span class='ocrx_word' id='word_1_219' title='bbox 853 3213 944 3274; x_wconf 87' lang='lat' dir='ltr'><strong>edicat</strong></span> <span class='ocrx_word' id='word_1_220' title='bbox 968 3233 1041 3293; x_wconf 90' lang='lat' dir='ltr'><strong>quae</strong></span> <span class='ocrx_word' id='word_1_221' title='bbox 1065 3207 1125 3275; x_wconf 83' lang='lat' dir='ltr'><strong>sieri</strong></span> <span class='ocrx_word' id='word_1_222' title='bbox 1148 3215 1226 3286; x_wconf 87' lang='lat' dir='ltr'><strong>velit,</strong></span> <span class='ocrx_word' id='word_1_223' title='bbox 1251 3224 1334 3294; x_wconf 91' lang='lat' dir='ltr'><strong>post-</strong></span> 
     </span>
     <span class='ocr_line' id='line_1_29' title="bbox 195 3312 1333 3394; baseline -0.002 -19"><span class='ocrx_word' id='word_1_224' title='bbox 195 3332 284 3394; x_wconf 89' lang='lat' dir='ltr'><strong>quam</strong></span> <span class='ocrx_word' id='word_1_225' title='bbox 307 3313 388 3375; x_wconf 93' lang='lat' dir='ltr'><strong>nullo</strong></span> <span class='ocrx_word' id='word_1_226' title='bbox 412 3315 486 3374; x_wconf 91' lang='lat' dir='ltr'><strong>duce</strong></span> <span class='ocrx_word' id='word_1_227' title='bbox 513 3314 610 3375; x_wconf 90' lang='lat' dir='ltr'><strong>locum</strong></span> <span class='ocrx_word' id='word_1_228' title='bbox 642 3334 700 3394; x_wconf 90' lang='lat' dir='ltr'><strong>quo</strong></span> <span class='ocrx_word' id='word_1_229' title='bbox 723 3314 799 3374; x_wconf 92' lang='lat' dir='ltr'><strong>mori</strong></span> <span class='ocrx_word' id='word_1_230' title='bbox 821 3312 877 3374; x_wconf 92' lang='lat' dir='ltr'><strong>sihi</strong></span> <span class='ocrx_word' id='word_1_231' title='bbox 900 3313 1078 3374; x_wconf 90' lang='lat' dir='ltr'><strong>destinatum</strong></span> <span class='ocrx_word' id='word_1_232' title='bbox 1101 3314 1154 3387; x_wconf 90' lang='lat' dir='ltr'><strong>sit,</strong></span> <span class='ocrx_word' id='word_1_233' title='bbox 1184 3332 1333 3394; x_wconf 90' lang='lat' dir='ltr'><strong>quemque</strong></span> 
     </span>
     <span class='ocr_line' id='line_1_30' title="bbox 194 3412 1332 3494; baseline -0.001 -21"><span class='ocrx_word' id='word_1_234' title='bbox 194 3413 276 3474; x_wconf 86' lang='lat' dir='ltr'><strong>uelas</strong></span> <span class='ocrx_word' id='word_1_235' title='bbox 298 3412 349 3474; x_wconf 95' lang='lat' dir='ltr'><strong>ulli</strong></span> <span class='ocrx_word' id='word_1_236' title='bbox 372 3413 485 3474; x_wconf 92' lang='lat' dir='ltr'><strong>homini</strong></span> <span class='ocrx_word' id='word_1_237' title='bbox 507 3413 653 3494; x_wconf 87' lang='lat' dir='ltr'><strong>patefieri,</strong></span> <span class='ocrx_word' id='word_1_238' title='bbox 681 3432 773 3493; x_wconf 93' lang='lat' dir='ltr'><strong>quum</strong></span> <span class='ocrx_word' id='word_1_239' title='bbox 795 3413 956 3473; x_wconf 87' lang='lat' dir='ltr'><strong>multorum</strong></span> <span class='ocrx_word' id='word_1_240' title='bbox 983 3413 1106 3475; x_wconf 93' lang='lat' dir='ltr'><strong>militum</strong></span> <span class='ocrx_word' id='word_1_241' title='bbox 1136 3413 1197 3475; x_wconf 90' lang='lat' dir='ltr'><strong>vice</strong></span> <span class='ocrx_word' id='word_1_242' title='bbox 1225 3422 1332 3473; x_wconf 90' lang='lat' dir='ltr'><strong>terram</strong></span> 
     </span>
     <span class='ocr_line' id='line_1_31' title="bbox 196 3509 1403 3591; baseline 0.002 -22"><span class='ocrx_word' id='word_1_243' title='bbox 196 3509 321 3570; x_wconf 77' lang='lat' dir='ltr'><strong>Atticam</strong></span> <span class='ocrx_word' id='word_1_244' title='bbox 342 3510 378 3572; x_wconf 86' lang='lat' dir='ltr'><strong>ab</strong></span> <span class='ocrx_word' id='word_1_245' title='bbox 400 3512 534 3574; x_wconf 90' lang='lat' dir='ltr'><strong>hostibus</strong></span> <span class='ocrx_word' id='word_1_246' title='bbox 555 3511 702 3583; x_wconf 84' lang='lat' dir='ltr'><strong>defendat,</strong></span> <span class='ocrx_word' id='word_1_247' title='bbox 725 3531 756 3573; x_wconf 89' lang='lat' dir='ltr'><strong>se</strong></span> <span class='ocrx_word' id='word_1_248' title='bbox 778 3531 844 3573; x_wconf 88' lang='lat' dir='ltr'><strong>esse</strong></span> <span class='ocrx_word' id='word_1_249' title='bbox 866 3519 1052 3591; x_wconf 87' lang='lat' dir='ltr'><strong>reperturum</strong></span> <span class='ocrx_word' id='word_1_250' title='bbox 1077 3511 1177 3576; x_wconf 88' lang='lat' dir='ltr'><strong>docuit</strong></span> <span class='ocrx_word' id='word_1_251' title='bbox 1201 3510 1333 3572; x_wconf 86' lang='lat' dir='ltr'><strong>versibus</strong></span> <span class='ocrx_word' id='word_1_252' title='bbox 1400 3579 1403 3586; x_wconf 21' lang='grc' dir='ltr'>Ι</span> 
     </span>
     <span class='ocr_line' id='line_1_32' title="bbox 198 3607 1334 3692; baseline 0.002 -26"><span class='ocrx_word' id='word_1_253' title='bbox 198 3607 415 3682; x_wconf 79' lang='grc'>1518-1525,</span> <span class='ocrx_word' id='word_1_254' title='bbox 437 3611 481 3670; x_wconf 86' lang='lat' dir='ltr'><strong>&#39;sio</strong></span> <span class='ocrx_word' id='word_1_255' title='bbox 495 3611 606 3690; x_wconf 86' lang='lat' dir='ltr'><strong>pergit:</strong></span> <span class='ocrx_word' id='word_1_256' title='bbox 630 3611 720 3692; x_wconf 84' lang='lat' dir='ltr'><strong>‘quod</strong></span> <span class='ocrx_word' id='word_1_257' title='bbox 741 3621 835 3672; x_wconf 70' lang='lat' dir='ltr'><strong>ouem</strong></span> <span class='ocrx_word' id='word_1_258' title='bbox 857 3610 940 3690; x_wconf 82' lang='lat' dir='ltr'><strong>nefus</strong></span> <span class='ocrx_word' id='word_1_259' title='bbox 962 3611 1038 3672; x_wconf 87' lang='lat' dir='ltr'><strong>dictu</strong></span> <span class='ocrx_word' id='word_1_260' title='bbox 1059 3622 1099 3674; x_wconf 88' lang='lat' dir='ltr'><strong>est</strong></span> <span class='ocrx_word' id='word_1_261' title='bbox 1120 3615 1177 3692; x_wconf 79' lang='lat' dir='ltr'><strong>epse</strong></span> <span class='ocrx_word' id='word_1_262' title='bbox 1199 3629 1243 3670; x_wconf 88' lang='lat' dir='ltr'><strong>me</strong></span> <span class='ocrx_word' id='word_1_263' title='bbox 1265 3608 1334 3670; x_wconf 77' lang='lat' dir='ltr'><strong>illuc</strong></span> 
     </span>
     <span class='ocr_line' id='line_1_33' title="bbox 195 3708 1332 3790; baseline -0.001 -22"><span class='ocrx_word' id='word_1_264' title='bbox 195 3711 353 3778; x_wconf 82' lang='lat' dir='ltr'><strong>comitatus,</strong></span> <span class='ocrx_word' id='word_1_265' title='bbox 387 3726 473 3787; x_wconf 84' lang='lat' dir='ltr'><strong>quum</strong></span> <span class='ocrx_word' id='word_1_266' title='bbox 494 3712 604 3770; x_wconf 85' lang='lat' dir='ltr'><strong>nemim</strong></span> <span class='ocrx_word' id='word_1_267' title='bbox 624 3714 679 3771; x_wconf 84' lang='grc' dir='ltr'><strong>αὀί</strong></span> <span class='ocrx_word' id='word_1_268' title='bbox 697 3728 733 3770; x_wconf 83' lang='lat' dir='ltr'><strong>ue</strong></span> <span class='ocrx_word' id='word_1_269' title='bbox 761 3708 855 3771; x_wconf 83' lang='lat' dir='ltr'><strong>liberis</strong></span> <span class='ocrx_word' id='word_1_270' title='bbox 876 3711 989 3790; x_wconf 84' lang='lat' dir='ltr'><strong>quidem</strong></span> <span class='ocrx_word' id='word_1_271' title='bbox 1016 3713 1169 3772; x_wconf 69' lang='lat' dir='ltr'><strong>aerummis</strong></span> <span class='ocrx_word' id='word_1_272' title='bbox 1196 3711 1332 3788; x_wconf 78' lang='lat' dir='ltr'><strong>operiam,</strong></span> 
     </span>
     <span class='ocr_line' id='line_1_34' title="bbox 194 3805 1332 3886; baseline -0.004 -16"><span class='ocrx_word' id='word_1_273' title='bbox 194 3806 272 3870; x_wconf 83' lang='lat' dir='ltr'><strong>solus</strong></span> <span class='ocrx_word' id='word_1_274' title='bbox 294 3823 448 3886; x_wconf 83' lang='lat' dir='ltr'><strong>copnoaces.</strong></span> <span class='ocrx_word' id='word_1_275' title='bbox 496 3805 536 3867; x_wconf 84' lang='lat' dir='ltr'><strong>To</strong></span> <span class='ocrx_word' id='word_1_276' title='bbox 559 3825 625 3868; x_wconf 88' lang='lat' dir='ltr'><strong>oero</strong></span> <span class='ocrx_word' id='word_1_277' title='bbox 652 3807 703 3869; x_wconf 89' lang='lat' dir='ltr'><strong>hoc</strong></span> <span class='ocrx_word' id='word_1_278' title='bbox 732 3825 841 3886; x_wconf 84' lang='lat' dir='ltr'><strong>semper</strong></span> <span class='ocrx_word' id='word_1_279' title='bbox 866 3826 959 3870; x_wconf 78' lang='lat' dir='ltr'><strong>omues</strong></span> <span class='ocrx_word' id='word_1_280' title='bbox 985 3819 1011 3870; x_wconf 91' lang='lat' dir='ltr'><strong>et</strong></span> <span class='ocrx_word' id='word_1_281' title='bbox 1038 3813 1196 3870; x_wconf 76' lang='lat' dir='ltr'><strong>moraturus</strong></span> <span class='ocrx_word' id='word_1_282' title='bbox 1218 3807 1332 3870; x_wconf 80' lang='lat' dir='ltr'><strong>dentum</strong></span> 
     </span>
     <span class='ocr_line' id='line_1_35' title="bbox 194 3905 1333 3988; baseline 0.001 -21"><span class='ocrx_word' id='word_1_283' title='bbox 194 3905 254 3988; x_wconf 79' lang='lat' dir='ltr'><strong>filio</strong></span> <span class='ocrx_word' id='word_1_284' title='bbox 277 3907 387 3987; x_wconf 75' lang='lat' dir='ltr'><strong>detegas</strong></span> <span class='ocrx_word' id='word_1_285' title='bbox 414 3915 485 3967; x_wconf 83' lang='lat' dir='ltr'><strong>actu</strong></span> <span class='ocrx_word' id='word_1_286' title='bbox 507 3909 649 3976; x_wconf 77' lang='lat' dir='ltr'><strong>monimo,</strong></span> <span class='ocrx_word' id='word_1_287' title='bbox 677 3909 726 3985; x_wconf 89' lang='lat' dir='ltr'><strong>qui</strong></span> <span class='ocrx_word' id='word_1_288' title='bbox 750 3905 906 3968; x_wconf 81' lang='lat' dir='ltr'><strong>succedenti</strong></span> <span class='ocrx_word' id='word_1_289' title='bbox 935 3907 1016 3969; x_wconf 85' lang='lat' dir='ltr'><strong>dicet.</strong></span> <span class='ocrx_word' id='word_1_290' title='bbox 1061 3905 1107 3968; x_wconf 87' lang='lat' dir='ltr'><strong>lto</strong></span> <span class='ocrx_word' id='word_1_291' title='bbox 1133 3907 1206 3968; x_wconf 84' lang='lat' dir='ltr'><strong>huuc</strong></span> <span class='ocrx_word' id='word_1_292' title='bbox 1234 3907 1333 3968; x_wconf 77' lang='lat' dir='ltr'><strong>urhun</strong></span> 
     </span>
     <span class='ocr_line' id='line_1_36' title="bbox 194 4000 1331 4084; baseline 0 -18"><span class='ocrx_word' id='word_1_293' title='bbox 194 4005 332 4068; x_wconf 80' lang='lat' dir='ltr'><strong>habitabis</strong></span> <span class='ocrx_word' id='word_1_294' title='bbox 345 4003 515 4066; x_wconf 83' lang='lat' dir='ltr'><strong>ineolumem</strong></span> <span class='ocrx_word' id='word_1_295' title='bbox 529 4011 556 4065; x_wconf 87' lang='lat' dir='ltr'><strong>et</strong></span> <span class='ocrx_word' id='word_1_296' title='bbox 570 4000 724 4075; x_wconf 81' lang='lat' dir='ltr'><strong>securrom’,</strong></span> <span class='ocrx_word' id='word_1_297' title='bbox 748 4024 792 4064; x_wconf 90' lang='lat' dir='ltr'><strong>vv.</strong></span> <span class='ocrx_word' id='word_1_298' title='bbox 813 4003 990 4067; x_wconf 77' lang='lat' dir='ltr'><strong>toto-33.</strong></span> <span class='ocrx_word' id='word_1_299' title='bbox 1024 4006 1196 4084; x_wconf 91' lang='lat' dir='ltr'><strong>Sequuntur</strong></span> <span class='ocrx_word' id='word_1_300' title='bbox 1218 4024 1331 4078; x_wconf 87' lang='lat' dir='ltr'><strong>versus,</strong></span> 
     </span>
     <span class='ocr_line' id='line_1_37' title="bbox 195 4102 1332 4185; baseline 0 -19"><span class='ocrx_word' id='word_1_301' title='bbox 195 4123 268 4185; x_wconf 92' lang='lat' dir='ltr'><strong>quos</strong></span> <span class='ocrx_word' id='word_1_302' title='bbox 284 4122 371 4185; x_wconf 90' lang='lat' dir='ltr'><strong>supra</strong></span> <span class='ocrx_word' id='word_1_303' title='bbox 387 4103 604 4173; x_wconf 88' lang='lat' dir='ltr'><strong>collocavimus,</strong></span> <span class='ocrx_word' id='word_1_304' title='bbox 620 4102 727 4182; x_wconf 93' lang='lat' dir='ltr'><strong>quihus</strong></span> <span class='ocrx_word' id='word_1_305' title='bbox 743 4103 903 4164; x_wconf 91' lang='lat' dir='ltr'><strong>nemodum</strong></span> <span class='ocrx_word' id='word_1_306' title='bbox 919 4105 1115 4182; x_wconf 89' lang='lat' dir='ltr'><strong>interpretum</strong></span> <span class='ocrx_word' id='word_1_307' title='bbox 1128 4123 1190 4164; x_wconf 90' lang='lat' dir='ltr'><strong>nou</strong></span> <span class='ocrx_word' id='word_1_308' title='bbox 1201 4103 1332 4166; x_wconf 81' lang='lat' dir='ltr'><strong>offensus</strong></span> 
     </span>
     <span class='ocr_line' id='line_1_38' title="bbox 195 4201 1332 4282; baseline -0.001 -18"><span class='ocrx_word' id='word_1_309' title='bbox 195 4213 248 4265; x_wconf 89' lang='lat' dir='ltr'><strong>est.</strong></span> <span class='ocrx_word' id='word_1_310' title='bbox 293 4203 351 4274; x_wconf 86' lang='lat' dir='ltr'><strong>Qui</strong></span> <span class='ocrx_word' id='word_1_311' title='bbox 377 4211 520 4282; x_wconf 85' lang='lat' dir='ltr'><strong>quantum</strong></span> <span class='ocrx_word' id='word_1_312' title='bbox 547 4209 675 4281; x_wconf 91' lang='lat' dir='ltr'><strong>possunt</strong></span> <span class='ocrx_word' id='word_1_313' title='bbox 702 4201 736 4262; x_wconf 89' lang='lat' dir='ltr'><strong>ad</strong></span> <span class='ocrx_word' id='word_1_314' title='bbox 769 4201 889 4264; x_wconf 86' lang='lat' dir='ltr'><strong>verbum</strong></span> <span class='ocrx_word' id='word_1_315' title='bbox 920 4201 1008 4263; x_wconf 88' lang='lat' dir='ltr'><strong>latine</strong></span> <span class='ocrx_word' id='word_1_316' title='bbox 1037 4201 1142 4263; x_wconf 89' lang='lat' dir='ltr'><strong>redditi</strong></span> <span class='ocrx_word' id='word_1_317' title='bbox 1170 4201 1242 4262; x_wconf 93' lang='lat' dir='ltr'><strong>nihil</strong></span> <span class='ocrx_word' id='word_1_318' title='bbox 1270 4202 1332 4263; x_wconf 85' lang='lat' dir='ltr'><strong>lere</strong></span> 
     </span>
     <span class='ocr_line' id='line_1_39' title="bbox 195 4299 1333 4380; baseline -0.001 -17"><span class='ocrx_word' id='word_1_319' title='bbox 195 4301 271 4364; x_wconf 88' lang='lat' dir='ltr'><strong>aliud</strong></span> <span class='ocrx_word' id='word_1_320' title='bbox 294 4301 456 4380; x_wconf 88' lang='lat' dir='ltr'><strong>siguificare</strong></span> <span class='ocrx_word' id='word_1_321' title='bbox 478 4301 615 4362; x_wconf 89' lang='lat' dir='ltr'><strong>videntur</strong></span> <span class='ocrx_word' id='word_1_322' title='bbox 638 4318 741 4380; x_wconf 88' lang='lat' dir='ltr'><strong>quam:</strong></span> <span class='ocrx_word' id='word_1_323' title='bbox 772 4299 840 4362; x_wconf 89' lang='lat' dir='ltr'><strong>‘Sed</strong></span> <span class='ocrx_word' id='word_1_324' title='bbox 865 4301 1008 4380; x_wconf 83' lang='lat' dir='ltr'><strong>plurimae</strong></span> <span class='ocrx_word' id='word_1_325' title='bbox 1036 4304 1160 4362; x_wconf 83' lang='lat' dir='ltr'><strong>ciuitates</strong></span> <span class='ocrx_word' id='word_1_326' title='bbox 1185 4303 1238 4362; x_wconf 85' lang='lat' dir='ltr'><strong>etsi</strong></span> <span class='ocrx_word' id='word_1_327' title='bbox 1265 4301 1333 4362; x_wconf 80' lang='lat' dir='ltr'><strong>hmo</strong></span> 
     </span>
     <span class='ocr_line' id='line_1_40' title="bbox 194 4398 1334 4481; baseline -0.004 -17"><span class='ocrx_word' id='word_1_328' title='bbox 194 4403 435 4464; x_wconf 75' lang='lat' dir='ltr'><strong>administrantur</strong></span> <span class='ocrx_word' id='word_1_329' title='bbox 455 4399 540 4480; x_wconf 81' lang='lat' dir='ltr'><strong>focile</strong></span> <span class='ocrx_word' id='word_1_330' title='bbox 558 4419 612 4481; x_wconf 85' lang='lat' dir='ltr'><strong>per</strong></span> <span class='ocrx_word' id='word_1_331' title='bbox 633 4404 689 4461; x_wconf 85' lang='lat' dir='ltr'><strong>vim</strong></span> <span class='ocrx_word' id='word_1_332' title='bbox 717 4411 813 4479; x_wconf 80' lang='lat' dir='ltr'><strong>opum.</strong></span> <span class='ocrx_word' id='word_1_333' title='bbox 858 4398 908 4461; x_wconf 83' lang='lat' dir='ltr'><strong>Dii</strong></span> <span class='ocrx_word' id='word_1_334' title='bbox 930 4404 1007 4462; x_wconf 84' lang='lat' dir='ltr'><strong>mim</strong></span> <span class='ocrx_word' id='word_1_335' title='bbox 1034 4403 1104 4461; x_wconf 77' lang='lat' dir='ltr'><strong>irrue</strong></span> <span class='ocrx_word' id='word_1_336' title='bbox 1133 4400 1259 4479; x_wconf 90' lang='lat' dir='ltr'><strong>qm&#39;dem,</strong></span> <span class='ocrx_word' id='word_1_337' title='bbox 1286 4398 1334 4461; x_wconf 86' lang='lat' dir='ltr'><strong>sed</strong></span> 
     </span>
    </p>
   </div>
   <div class='ocr_carea' id='block_1_8' title="bbox 195 4497 1335 4654">
    <p class='ocr_par' dir='ltr' id='par_1_9' title="bbox 195 4497 1335 4654">
     <span class='ocr_line' id='line_1_41' title="bbox 195 4497 1335 4581; baseline -0.004 -19"><span class='ocrx_word' id='word_1_338' title='bbox 195 4499 276 4562; x_wconf 82' lang='lat' dir='ltr'><strong>tarde</strong></span> <span class='ocrx_word' id='word_1_339' title='bbox 294 4502 420 4581; x_wconf 84' lang='lat' dir='ltr'><strong>puniunt</strong></span> <span class='ocrx_word' id='word_1_340' title='bbox 441 4514 486 4558; x_wconf 88' lang='lat' dir='ltr'><strong>eos</strong></span> <span class='ocrx_word' id='word_1_341' title='bbox 501 4502 551 4577; x_wconf 88' lang='lat' dir='ltr'><strong>qui</strong></span> <span class='ocrx_word' id='word_1_342' title='bbox 564 4503 726 4580; x_wconf 76' lang='lat' dir='ltr'><strong>redemptis</strong></span> <span class='ocrx_word' id='word_1_343' title='bbox 740 4500 845 4561; x_wconf 77' lang='lat' dir='ltr'><strong>diurnis</strong></span> <span class='ocrx_word' id='word_1_344' title='bbox 866 4497 905 4560; x_wconf 88' lang='lat' dir='ltr'><strong>ad</strong></span> <span class='ocrx_word' id='word_1_345' title='bbox 918 4498 1050 4577; x_wconf 79' lang='lat' dir='ltr'><strong>sororem</strong></span> <span class='ocrx_word' id='word_1_346' title='bbox 1068 4506 1235 4570; x_wconf 68' lang='lat' dir='ltr'><strong>natantum</strong></span> <span class='ocrx_word' id='word_1_347' title='bbox 1257 4498 1335 4578; x_wconf 88' lang='lat' dir='ltr'><strong>quod</strong></span> 
     </span>
     <span class='ocr_line' id='line_1_42' title="bbox 247 4595 1175 4654; baseline 0 -13"><span class='ocrx_word' id='word_1_348' title='bbox 247 4597 386 4648; x_wconf 82' lang='lat' dir='ltr'><strong>Mueller,</strong></span> <span class='ocrx_word' id='word_1_349' title='bbox 400 4595 540 4654; x_wconf 77' lang='lat' dir='ltr'><strong>Sophocles.</strong></span> <span class='ocrx_word' id='word_1_350' title='bbox 1158 4602 1175 4652; x_wconf 86' lang='lat'>4</span> 
     </span>
    </p>
   </div>
   <div class='ocr_carea' id='block_1_9' title="bbox 0 0 1631 5142">
    <p class='ocr_par' dir='ltr' id='par_1_10' title="bbox 0 0 1631 5142">
     <span class='ocr_line' id='line_1_43' title="bbox 0 0 1631 5142; baseline 0 0"><span class='ocrx_word' id='word_1_351' title='bbox 0 0 1631 5142; x_wconf 95' lang='lat' dir='ltr'><strong> </strong></span> 
     </span>
    </p>
   </div>
  </div>
 </body>
</html>
