3248 5142
675 423 895 485 ..21-

214 611 298 684 patre
314 601 456 664 destituto
477 600 575 662 iaciat.
612 600 760 673 Quidnam
782 606 882 662 autem
905 597 978 661 lucri
1001 616 1035 659 se
1054 596 1200 660 lemurum
1223 595 1249 658 si
1272 595 1357 676 queri

215 698 384 764 destiterit?
405 718 507 763 nonne
529 717 562 762 se
584 697 705 762 rivere?
732 700 806 762 mala
829 699 949 780 quidem
972 697 1013 758 ita
1035 704 1135 758 tamen
1157 703 1191 758 ut
1213 693 1271 758 sibi
1291 694 1357 758 sui-

215 802 302 864 fioiat.
348 801 454 862 Varum
489 817 521 861 se
552 799 608 861 illis
641 799 692 880 qui
724 808 836 879 patrem
870 795 1076 861 interemerint
1103 796 1258 858 molestam
1282 811 1357 869 esse,

216 921 282 964 cum
305 898 526 981 Chrysothemis
547 897 643 961 verbis
670 899 760 960 modo
789 897 898 970 oderit,
926 915 960 958 re
988 895 1051 976 ipsa
1079 911 1148 956 curn
1174 893 1232 956 illis
1260 892 1357 955 iaciat.

215 1000 252 1060 At
274 1005 367 1060 seruet
389 1015 542 1077 nunquam
566 1015 717 1060 cessuram
740 996 841 1070 donis,
872 994 980 1076 quibus
1008 995 1063 1058 ista
1086 1011 1167 1056 nunc
1189 992 1357 1073 superbiam
1454 1077 1457 1084 Ι

214 1098 262 1161 isti
273 1099 351 1161 lauta
363 1115 465 1160 mensa
477 1106 644 1178 apponatur
656 1105 685 1159 et
696 1096 812 1159 abunde
824 1096 918 1158 victus
929 1093 1047 1158 altinati
1069 1095 1242 1175 Sequuntur
1256 1111 1357 1154 versus

316 1195 390 1278 ἐμοὶ
413 1194 475 1280 γὰρ
499 1193 581 1259 ἔστω
604 1191 704 1279 τούμὲ
726 1194 770 1279 μὴ
793 1193 914 1258 λυπεῖν
935 1188 1037 1276 μόνον

312 1293 480 1377 βόσκημα·
501 1293 558 1376 τῆς
580 1293 638 1378 σῆς
660 1290 696 1357 d’
720 1289 778 1358 οὐκ
801 1291 865 1374 ἐρεῖ
886 1291 981 1374 τιμῆς
1003 1300 1123 1371 τυχεῖν.

213 1397 348 1470 Quorum
371 1395 519 1458 sententia
541 1395 607 1456 lieri
628 1412 688 1458 non
708 1402 807 1475 potest
828 1392 901 1473 quin
924 1412 940 1454 ε
961 1390 1074 1471 legibus
1097 1389 1297 1471 grammaticis
1319 1389 1357 1452 sit

212 1497 300 1558 haee:
331 1493 415 1556 ‘milet'
441 1494 633 1556 tantummodo
659 1497 694 1558 ait
715 1495 806 1565 cidus,
828 1503 861 1554 ut
883 1493 979 1554 dolore
1000 1509 1058 1554 και
1079 1491 1219 1572 officior',
1247 1491 1294 1554 vel
1325 1496 1357 1553 ut

212 1593 324 1671 Reisig,
358 1601 484 1655 enarrat.
515 1592 619 1673 Oedipi
647 1592 747 1654 Colon.
776 1612 806 1672 p.
832 1591 901 1665 113,
936 1590 1038 1652 vertit:
1071 1589 1158 1652 ‘mitt'
1187 1593 1356 1654 adtentum

212 1711 387 1766 ταατετεααι,
413 1703 446 1756 ut
464 1686 510 1755 'me
536 1709 595 1754 oon
613 1703 728 1773 prunus
752 1692 880 1756 ciborum
901 1689 1021 1770 inopto'.
1065 1690 1138 1752 Nam
1162 1689 1258 1752 verbis
1281 1687 1356 1772 ἐμοὶ

211 1790 274 1876 γὰρ
301 1789 384 1856 ἔσται
414 1799 445 1856 et
474 1785 576 1874 μόνον
605 1777 757 1874 βόσκήμα
785 1792 841 1852 vim
865 1789 1029 1852 sentcntiae
1054 1790 1152 1852 inesse
1174 1788 1299 1852 efficitur
1321 1810 1356 1852 eo

210 1892 292 1974 ,quod
313 1891 360 1954 illa
384 1890 488 1953 mediis
511 1890 608 1954 verbis
631 1885 731 1972 ταῦμὲ
746 1888 790 1973 μὴ
807 1887 926 1952 λυπεῖν
947 1896 1078 1978 separata
1101 1888 1186 1950 initio
1209 1890 1354 1952 enuntiati

211 1999 242 2054 et
264 1998 395 2054 emremo
418 1989 555 2054 collocuta
578 1996 659 2052 sunt.
703 1989 869 2054 lntinitivus
899 1995 998 2052 autam
1020 1986 1140 2052 λυπεῖν
1162 2005 1215 2068 pro
1239 1988 1354 2068 passivo

211 2088 399 2152 λυπεῖσθαι
433 2088 530 2151 dictus
563 2097 608 2150 est
641 2087 797 2150 notissimo
820 2088 999 2150 Graecorum
1034 2106 1116 2150 more
1146 2087 1182 2148 ct.
1205 2086 1354 2162 Kuehnen

212 2203 305 2266 grant
328 2203 372 2266 gr.
396 2186 453 2247 rol.
475 2186 511 2259 ll,
534 2205 564 2266 p.
589 2186 703 2267 585sq.
739 2187 841 2248 Restat
863 2195 897 2248 ut
917 2186 1030 2249 articuli
1053 2205 1156 2248 casum
1179 2186 1354 2250 definiamus

210 2293 240 2348 et
261 2280 362 2365 τούμὲ
383 2303 418 2348 ex
441 2283 500 2346 τοῦ
521 2282 580 2368 ε’μέ
601 2292 788 2348 contractum
821 2305 885 2348 esse
918 2293 1096 2356 statuamus,
1128 2285 1169 2348 ita
1203 2293 1236 2348 ut
1268 2286 1355 2350 verba

209 2385 269 2448 τοῦ
292 2383 350 2470 ἐμὲ
370 2381 416 2468 μή
438 2383 559 2448 λυπεῖν
579 2382 683 2466 μόνον
704 2403 720 2447 a
742 2384 928 2448 substantivo
949 2380 1102 2467 βόσκημα
1123 2393 1273 2466 regantur.
1312 2386 1354 2448 lle

210 2485 333 2565 proprio
356 2491 455 2548 autem
478 2484 556 2548 victu
583 2484 646 2547 sive
672 2485 709 2547 de
730 2485 923 2556 nutrimentis
952 2484 1000 2548 hic
1026 2493 1144 2565 poetam
1166 2485 1249 2566 loqui
1271 2485 1353 2551 evin-

209 2583 285 2647 citur
307 2583 405 2648 verbis
428 2603 503 2666 quae
523 2585 657 2666 proxime
680 2585 841 2666 praemissa
864 2591 936 2648 sunt
957 2603 1001 2648 vv.
1018 2583 1131 2666 361sq.

668 2681 723 2748 συί
745 2682 783 2748 δὲ
805 2681 954 2748 πλουσία

309 2776 457 2871 τράπεζα
478 2782 607 2845 κείσθω
630 2776 686 2844 καί
709 2781 903 2867 περιῤῥείτω
926 2784 1000 2864 βίος

210 2891 240 2946 et
267 2883 362 2962 ipsius
385 2881 516 2944 Electrae
546 2881 643 2944 verbis
674 2901 700 2943 v.
727 2882 787 2945 192
809 2891 919 2956 κεναῖς
948 2872 980 2944 d’
1003 2877 1187 2964 ἐφίσταμαι
1210 2879 1353 2959 (ldeiuelre

209 2999 265 3060 pro
294 2975 507 3061 ἀμφίσταμαι
535 2979 640 3055 codd.)
668 2977 857 3060 τραπέζαις.
902 2980 984 3053 Quae
1012 2978 1216 3058 interpretatio
1243 2981 1353 3042 contir-

209 3087 308 3140 matur
330 3077 422 3139 schol.
445 3078 532 3140 Laur.
556 3078 733 3158 explicante:
764 3076 853 3160 ἐμοὶ,
877 3080 993 3161 φησίν,
1022 3074 1104 3139 ἔστω
1132 3073 1247 3160 τροφή,
1273 3099 1290 3159 η
1314 3078 1353 3166 τῇ
1461 3109 1463 3114 ·

209 3171 332 3260 ἀνάγκῃ
355 3171 458 3258 μόνον
481 3172 671 3260 ἁρμόζουσα
697 3175 752 3238 καὶ
786 3172 843 3261 τὴν
875 3179 994 3260 πείνην
1028 3171 1277 3238 ἀπελαύνουσα·
1311 3169 1353 3240 ου’

207 3274 327 3361 δέομαι
350 3273 412 3359 γὰρ
434 3271 588 3359 τοιαύτης
609 3276 744 3360 τροφῆς,
768 3267 831 3360 a’rp’
855 3267 891 3360 ἧς
913 3271 1033 3360 ἡδονὴν
1048 3269 1169 3360 σχήσω.
1207 3275 1249 3338 Ci.
1265 3275 1356 3339 woln

207 3375 243 3438 de
268 3375 359 3457 Soph.
376 3375 467 3437 schol.
484 3394 544 3437 var.
559 3376 638 3438 lectt.
654 3396 683 3458 p.
703 3375 771 3438 tao.

291 3473 445 3538 Falluntur
470 3476 572 3556 igitur,
602 3475 654 3556 qui
684 3484 717 3539 ut
745 3483 958 3539 concesserunt
985 3471 1135 3557 βόσκημα
1157 3473 1276 3556 proprie
1303 3473 1352 3536 hic

208 3571 266 3633 dici
299 3573 335 3635 de
369 3573 445 3647 cibo,
476 3576 516 3637 ita
549 3566 650 3657 τούμὲ
684 3573 727 3659 μὴ
750 3573 870 3639 λυπεῖν
892 3583 1030 3656 corrupta
1052 3595 1118 3636 esse
1141 3575 1273 3637 arbitrati
1296 3574 1351 3636 alia

208 3671 420 3750 excogitarunt,
454 3681 486 3734 ut
519 3675 706 3746 sententiam,
740 3694 814 3754 quae
836 3693 923 3755 snpra
955 3675 1107 3737 otraditis
1128 3683 1232 3755 poetae
1257 3673 1350 3736 verbis

206 3770 357 3834 enucleata
379 3780 434 3844 est,
458 3771 618 3834 efficerent.
655 3773 726 3835 Falli
748 3793 816 3834 vero
840 3782 869 3835 et
892 3793 942 3835 eos
964 3774 1014 3854 qui
1030 3769 1182 3855 βόσκημα
1196 3773 1299 3835 tralata
1323 3775 1350 3836 vi

206 3871 254 3932 hic
278 3877 457 3950 usurpatum
481 3889 545 3931 esse
567 3871 622 3932 rati
644 3869 716 3933 item
739 3871 787 3932 alii
814 3869 867 3933 alia
890 3871 1083 3953 protulerint,
1114 3890 1200 3952 spero
1230 3871 1294 3934 fore
1317 3881 1350 3935 ut

207 3989 272 4033 rnea
295 3969 522 4049 argumentandi
545 3969 659 4032 ratione
682 3971 877 4050 intellegatur.

290 4087 335 4130 vv.
358 4066 419 4129 495
430 4087 494 4150 sqq.
540 4068 759 4149 Chrysothemis
787 4090 802 4131 a
826 4069 1054 4149 clytemnestra,
1085 4088 1162 4149 quae
1191 4071 1268 4132 malo
1297 4091 1349 4132 en·

205 4167 307 4230 territa
330 4175 392 4230 erat
413 4168 539 4242 somnio,
574 4167 663 4230 inissa
696 4177 730 4230 ut
756 4188 837 4231 sacra
865 4169 974 4230 iaceret
996 4169 1032 4230 ad
1055 4169 1146 4249 patris
1169 4167 1349 4250 sepulcrum,

204 4267 336 4328 Electrae
363 4267 553 4348 cupidissime
582 4267 757 4329 auscultanti
787 4277 815 4330 et
847 4267 990 4348 virginum
1025 4267 1229 4345 indigenarum
1257 4269 1347 4330 choro

204 4365 348 4439 narravit,
376 4384 450 4447 quae
477 4367 513 4427 de
541 4367 644 4428 matris
674 4385 742 4428 cura
771 4375 859 4448 atque
881 4375 963 4429 metu
986 4373 1016 4429 et
1039 4384 1125 4429 causa
1148 4367 1240 4428 novit.
1283 4362 1349 4442 Qua

204 4483 235 4526 re
257 4466 365 4528 chorus
388 4465 492 4535 elatus,
515 4465 573 4527 nisi
594 4474 676 4530 rates
697 4467 787 4530 stulta
810 4467 848 4528 sit
871 4475 959 4548 atque
981 4466 1097 4529 consilii
1118 4467 1273 4546 prudentis
1295 4487 1345 4530 ex·

204 4584 290 4645 pers,
318 4565 476 4627 affuturam
504 4565 562 4627 iarn
584 4566 728 4629 Iustitiam
752 4575 859 4629 cantat.
904 4565 935 4628 ld
959 4586 991 4628 se
1013 4565 1149 4644 colligere
1172 4587 1205 4629 ex
1229 4569 1346 4630 somnio
