3248 5142
746 385 965 450 ..73-

382 559 484 644 δῆλον
505 555 627 642 ἔμοιγ’,
657 557 699 634 ῶς
720 559 846 643 φορβῆς
867 562 962 641 χρείᾳ
980 556 1045 622 κτὲ.

282 659 324 722 cl.
339 679 414 738 quae
430 660 503 722 dixit
518 659 615 720 Ulixes
630 677 674 720 vr.
691 661 803 739 llsqq.
833 659 953 722 Accedit
963 659 1042 738 quod
1058 657 1207 738 neglectae
1221 657 1425 738 responsionis

281 758 359 838 leges
375 777 460 837 aegre
476 758 623 821 seruntur.
653 759 731 831 Quas
753 757 998 836 inrv.135sqq.
1023 775 1039 818 a
1060 765 1146 837 poeta
1169 757 1340 818 observatas
1361 775 1427 818 esse

281 859 338 920 iam
354 857 559 919 Hermannnm
575 857 606 917 in
627 864 789 918 retractalt.
813 856 1023 918 adnotatorum
1044 855 1080 917 ad
1097 855 1187 935 Soph.
1203 856 1279 918 Phil.
1299 877 1328 936 p.
1346 854 1424 935 3sq.

281 973 344 1017 non
370 955 452 1034 fugit.
497 955 619 1028 ‘Cheru
645 955 742 1035 inquit
770 955 867 1029 enim,
894 955 1049 1035 quaerenti
1076 955 1147 1033 qnid
1173 955 1328 1017 sefacere
1356 954 1426 1015 velit

281 1054 503 1134 Neoptolemus,
529 1060 588 1113 tam
617 1054 837 1116 accommodate
864 1053 913 1114 ille
937 1053 1100 1132 respondet
1126 1071 1177 1114 sex
1196 1071 1335 1114 versuum
1352 1070 1426 1113 ana-

280 1153 476 1233 paesticorum
498 1159 668 1231 systemate,
702 1160 734 1212 nt
754 1153 834 1213 nulla
850 1159 989 1231 appareat
1009 1151 1134 1230 suspitio
1150 1150 1221 1212 vitii.
1255 1154 1292 1213 dt
1316 1149 1424 1212 mirum

280 1261 382 1314 tamen
412 1258 459 1311 est
488 1249 567 1329 quod
599 1268 660 1311 non
690 1251 792 1312 eadem
821 1258 867 1311 est
892 1249 967 1310 ratio
998 1258 1238 1329 anapaestorum,
1269 1250 1321 1329 qni
1346 1247 1426 1310 anti-

283 1349 437 1428 stropham
468 1345 658 1426 sequuntur'.
709 1347 842 1409 Coniecit
871 1347 962 1427 igitur
988 1365 1092 1409 versus
1122 1354 1193 1417 tres,
1225 1367 1300 1428 quae
1329 1345 1426 1408 tribus

281 1446 470 1527 Neoptolemi
497 1457 527 1507 et
553 1446 635 1507 chori
658 1467 701 1507 vv.
726 1445 890 1509 159-161
919 1447 1152 1526 responderent,
1183 1455 1251 1526 post
1273 1446 1425 1526 stropham

281 1547 435 1608 excidisse.
481 1544 538 1606 Sed
559 1545 713 1624 aptissime
738 1545 897 1608 cohaerent
922 1563 996 1624 qnae
1025 1545 1134 1606 chorus
1156 1563 1200 1604 vr.
1224 1543 1284 1604 135
1306 1563 1369 1623 sqq.
1397 1550 1427 1603 et

281 1645 495 1725 Neoptolemus
526 1662 568 1705 rr.
599 1645 659 1705 144
680 1663 745 1724 sqq.
775 1644 953 1724 loquuntur,
984 1645 1009 1705 si
1040 1644 1210 1706 distinxeris
1241 1652 1308 1723 post
1339 1643 1426 1704 verba

282 1744 339 1806 νῦν
358 1744 428 1824 μέν,
453 1752 486 1803 ut
501 1741 722 1820 coniungantur
741 1760 808 1803 cum
830 1739 946 1824 δέρκου
967 1742 1117 1821 θαρσῶν.
1146 1742 1223 1803 Tum
1240 1741 1319 1802 enim
1335 1741 1426 1804 choro

281 1843 398 1922 roganti
418 1843 451 1903 τί
472 1855 525 1902 σοι
546 1838 650 1922 χρεων
670 1835 860 1923 ὑπουργεῖν,
883 1841 1095 1921 Neoptolemus
1110 1840 1273 1920 respondet
1293 1840 1353 1902 νόν
1367 1838 1428 1920 μὲν

282 1939 399 2021 δέρκου
429 1938 582 2020 θαρσῶν,
619 1940 701 2011 ἴσως
734 1937 796 2021 γὰρ
832 1937 891 2024 τόν
919 1936 1027 2002 τόπον
1063 1935 1241 2020 προσιδεῖν
1277 1935 1426 2009 ἐθέλεις·

282 2035 411 2100 ὁπόταν
441 2036 478 2099 δέ
507 2033 591 2120 μόλῃ
622 2035 687 2100 κτλ.
739 2038 868 2118 Apparet
897 2037 956 2101 νῦν
986 2039 1047 2119 μέν
1076 2046 1106 2100 et
1139 2028 1270 2100 ὁπόταν
1305 2035 1343 2100 δέ
1371 2035 1427 2097 sibi

282 2137 416 2220 opposita
433 2155 507 2197 esse.
546 2137 625 2197 Neve
646 2144 775 2216 systema
791 2155 866 2217 quae
882 2136 989 2198 dicitur
1003 2135 1221 2216 anapaesticum
1238 2143 1426 2196 monometro

282 2255 500 2317 supervacaneo
522 2235 698 2310 laederetur,
720 2236 799 2297 idem
820 2256 847 2297 r.
865 2235 893 2295 d.
915 2235 1004 2299 verba
1026 2229 1105 2298 οὐδέ
1123 2227 1188 2297 τιν’
1211 2228 1300 2318 αὐτῷ
1321 2231 1428 2296 delevit

282 2355 337 2416 pro
360 2335 405 2407 iis,
434 2353 509 2415 quae
536 2353 590 2412 ego
610 2335 735 2396 delenda
757 2354 823 2396 esse
844 2353 952 2396 censeo
974 2331 1131 2415 στυγερόν
1151 2332 1311 2415 στυγερῶς
1331 2333 1375 2394 vel
1395 2341 1428 2394 nt

284 2419 403 2496 anolr
429 2433 593 2513 corrigebat
613 2431 776 2515 σμυγερόν
801 2433 977 2516 σμυγερῶς.
1018 2434 1099 2506 Quae
1120 2433 1207 2495 verba
1229 2450 1266 2493 ne
1287 2432 1330 2494 eis
1353 2449 1428 2511 quae

285 2542 450 2613 sequuntur
471 2533 647 2610 coniungas,
673 2551 734 2594 non
756 2540 874 2594 tantum
898 2532 1053 2593 verborum
1081 2530 1233 2594 collocatio
1255 2537 1349 2604 vetat,
1376 2531 1426 2593 sed

284 2633 372 2694 etiam
399 2631 547 2693 sententia
572 2631 628 2691 loci
656 2650 731 2710 quae
756 2631 882 2692 edicitur
908 2629 1127 2693 absurdissima.
1174 2629 1227 2692 Sin
1260 2649 1327 2692 vero
1358 2648 1425 2691 cum

286 2727 536 2813 apparaturam
557 2739 697 2811 πτηνοῖς
720 2729 786 2802 ἰοῖς
806 2729 944 2810 coniungi
965 2730 1046 2802 velis,
1068 2726 1223 2812 στυγερόν
1243 2729 1363 2809 quidem
1383 2728 1427 2789 vel

285 2825 448 2911 σμυγερόν
467 2836 547 2890 recte
560 2847 601 2890 -se
617 2829 713 2900 habet,
735 2828 787 2890 sed
803 2827 859 2890 nisi
880 2828 980 2910 inepte
1001 2829 1080 2908 loqui
1101 2827 1181 2899 velis,
1202 2829 1363 2910 στυγερῶς
1383 2828 1428 2888 rel

285 2927 453 3012 σμυγερῶς
473 2926 550 2988 idem
572 2934 660 3007 atque
680 2921 853 3000 ἐπιπόνως
873 2927 964 2988 schol.
985 2926 1073 2988 Laur.
1094 2926 1113 2987 i.
1135 2945 1159 2987 e.
1187 2945 1348 3007 operose
1373 2925 1428 2988 tihi

286 3028 475 3090 statuendum
499 3035 560 3087 est·
595 3026 679 3099 Quod
701 3025 773 3087 ferri
795 3043 857 3087 non
881 3033 988 3105 potest.
1028 3026 1101 3086 Nam
1125 3044 1217 3105 quum
1239 3025 1269 3085 in
1292 3026 1342 3087 tali
1362 3042 1428 3086 rer-

286 3126 393 3188 borum
422 3125 569 3188 rhetorica
589 3127 782 3188 collocatione
802 3122 852 3188 aut
876 3126 963 3206 plane
983 3125 1128 3187 contraria
1151 3125 1208 3186 sibi
1235 3132 1428 3205 opponuntur

286 3234 337 3288 aut
355 3227 444 3306 plane
463 3223 564 3286 eadem
589 3224 786 3304 significantia
811 3223 1050 3303 coniunguntur,
1077 3232 1142 3286 tum
1169 3225 1200 3287 in
1222 3223 1276 3286 hac
1296 3223 1429 3287 adieetlri

229 3315 232 3320 ’
286 3334 318 3385 et
346 3321 474 3385 adverbii
506 3322 694 3400 copulatione
729 3332 760 3382 et
789 3322 821 3383 in
850 3323 961 3401 graecis
987 3330 1017 3385 et
1045 3323 1077 3384 in
1106 3322 1203 3384 latinis
1233 3321 1428 3402 scriptoribus

286 3422 463 3484 adiectirum
483 3428 513 3480 et
532 3419 703 3482 adverbium
724 3437 812 3482 unam
833 3423 1018 3501 eandemque
1043 3421 1102 3483 vim
1129 3440 1162 3484 ae
1183 3420 1428 3500 significationem

286 3521 405 3583 bahem.
441 3518 482 3578 lta
505 3518 583 3579 enim
601 3519 707 3580 millies
722 3517 822 3592 κακὸς
837 3519 943 3592 κακῶς
964 3520 1130 3598 iunguntur
1145 3527 1175 3582 et
1189 3517 1298 3592 δεινός
1314 3517 1430 3593 δεινῶς

286 3621 329 3684 ΕΙ.
356 3638 399 3680 rr.
428 3618 485 3681 198
513 3625 542 3677 et
568 3617 628 3678 221
656 3614 786 3696 (δεινῶς
811 3613 966 3700 ἠγάσθην
998 3615 1033 3681 έν
1067 3616 1192 3693 δεινοῖς
1218 3639 1235 3680 e
1261 3619 1429 3682 coniectura

286 3717 446 3797 lleinekii),
472 3718 574 3799 μέγας
598 3711 785 3798 μεγαλωστί
812 3717 842 3778 ll.
865 3717 929 3778 xvl
948 3735 975 3777 r.
991 3716 1064 3791 776,
1091 3717 1182 3781 Xlllll
1202 3737 1229 3778 v.
1251 3717 1301 3789 26,
1324 3716 1429 3798 Οδγεε.

286 3817 377 3878 Xlllll
397 3835 424 3876 v.
446 3817 497 3891 40,
534 3812 673 3896 αἰσχρόν
698 3814 841 3897 αἰσχρῶς
866 3815 955 3895 Soph
984 3816 1028 3878 El.
1050 3835 1076 3876 v.
1091 3816 1165 3888 899,
1191 3811 1286 3881 κοινδ
1313 3814 1431 3888 κοινῶς

286 3915 446 3977 Menander
466 3933 513 3995 ap.
529 3915 699 3985 stobaeum,
718 3914 815 3976 Floril.
834 3911 904 3986 124,
920 3914 949 3987 6,
979 3909 1180 3996 ἀνθρώπινα
1205 3909 1431 3996 ἀνθρωπίνως

288 4015 364 4076 Plut.
397 4011 495 4074 Moral.
523 4033 552 4092 p.
582 4012 642 4074 118
662 4013 703 4082 C„
735 4007 911 4092 ἐλεύθερος
940 4007 1125 4098 ἐλευθέρως
1153 4012 1273 4079 Lucian.
1301 4014 1351 4084 47,
1379 4013 1429 4087 26,

287 4109 386 4184 καλός
401 4109 507 4184 καλῶς
520 4111 560 4192 jd.
578 4109 628 4188 48,
645 4111 695 4172 56.
723 4110 765 4171 Cr.
783 4109 885 4172 Cicero
901 4111 937 4171 ad
953 4111 1012 4174 dtt.
1028 4111 1069 4172 lll
1084 4131 1128 4191 ep.
1146 4110 1186 4172 23
1202 4115 1220 4186 5
1236 4112 1254 4171 5
1270 4111 1428 4174 ‘miserum

288 4210 407 4274 misere'
429 4220 458 4273 et
483 4227 558 4290 qnae
584 4210 617 4269 Α.
645 4207 680 4268 0.
703 4209 817 4270 Lorenz
844 4227 877 4270 er
904 4208 1012 4272 fabulis
1043 4209 1187 4272 Plautinis
1217 4209 1365 4289 congessit
1394 4209 1429 4270 ad

287 4309 481 4374 Mostellariaa
510 4325 629 4369 versum
655 4304 714 4368 178
741 4305 816 4386 (187
844 4307 912 4370 edit.
940 4307 1083 4384 llitsehl.).
1130 4308 1188 4370 Sed
1219 4308 1303 4388 ‘quid
1330 4325 1432 4370 moror

287 4409 440 4492 exemplis,
456 4423 583 4487 quorum
600 4423 647 4466 me
663 4405 748 4467 turba
763 4403 907 4486 latigat‘l’

373 4507 410 4567 Et
431 4500 587 4586 στυγερόν
607 4503 767 4585 στυγερῶς
787 4513 816 4566 et
839 4503 926 4566 rerba
951 4519 1089 4566 versuum
1115 4503 1277 4567 159-161
1305 4504 1428 4568 delenda
1458 4580 1465 4597 ·
1594 4479 1602 4493 ⁸
