3248 5142
686 396 903 460 ...39-

227 575 361 636 decatum
391 591 446 634 suu
475 582 520 634 est
546 573 676 652 positum
710 573 784 636 Ιοοο.
828 559 926 636 incola
954 573 1034 635 enlm
1062 574 1230 637 timefactus
1259 577 1364 657 oedipi

226 671 323 734 verbis
345 672 499 751 suspensis
521 680 552 734 et
572 669 762 736 subobscuris
784 691 832 734 vx.
847 672 888 733 44
900 691 945 752 sq.

325 787 387 855 ἆλλ
409 791 486 875 idem
509 789 569 873 μὲν
589 791 649 854 τὸν
670 788 780 875 ἱκέτην
800 791 969 865 δεξαίατο·

325 887 369 966 ὥς
390 886 450 971 οὐχ
471 889 569 974 ἔδρας
589 893 646 975 γῆς
667 891 763 978 τῆσδ’
786 893 827 960 ἂν
848 892 1020 978 λξέλθοιμ’
1043 894 1104 972 ἔτι,

226 1022 257 1076 et
277 1033 305 1074 v.
322 1013 363 1074 46
391 1011 559 1095 ξυμφορᾶς
593 1011 735 1100 ξύνθημ’
768 1015 860 1100 ἐμῆς,
895 1018 1010 1081 desistit
1043 1017 1189 1098 Oedipum
1224 1017 1261 1078 de
1293 1016 1363 1077 sede.

224 1112 381 1193 depellere,
403 1113 481 1193 quod
504 1111 635 1176 lauturus
658 1125 730 1190 erat,
754 1122 791 1178 el.
807 1137 851 1178 rr.
868 1117 907 1179 36
919 1137 963 1199 sq.

324 1231 406 1315 πρὶν
428 1233 487 1298 νῦν
507 1232 549 1295 τοὶ
570 1233 700 1301 πλείον’
722 1235 879 1321 ἱστορεῖν,
903 1237 938 1300 ἐν
959 1232 1054 1320 τῆσδ’
1077 1235 1173 1320 ἔδρας

324 1329 449 1408 ἔξελθ’,
472 1331 557 1413 ἔχεις
577 1333 641 1419 γὰρ
662 1337 768 1421 χῶρον
790 1334 849 1416 οὐχ
872 1331 971 1415 ἁγνὸν
992 1345 1125 1410 πατεῖν,

224 1464 255 1515 et
286 1455 321 1515 ad
348 1455 495 1518 civitatem
523 1457 638 1520 delerre
665 1461 785 1522 mavult.
838 1459 881 1520 Gi.
905 1461 995 1524 schol.
1023 1458 1110 1520 Lanr.
1144 1459 1229 1538 πρίν,
1254 1451 1286 1534 γ’
1320 1452 1362 1518 ἄν

223 1552 373 1626 ἐνδείξει·
410 1558 470 1630 ἔας
499 1547 538 1619 οὗ
567 1557 613 1644 τῇ
640 1553 759 1620 πόλει
789 1551 934 1632 ἐνδείξω,
969 1577 1028 1638 quo
1051 1558 1274 1618 demonstratur
1302 1553 1362 1637 τὴν

223 1649 347 1716 πόλιν
369 1673 436 1716 eum
466 1649 599 1727 δνδείξω
629 1657 807 1738 iungendam
831 1676 905 1719 esse.
949 1656 1035 1732 Quod
1057 1655 1111 1717 alie
1135 1655 1249 1716 ratione
1271 1673 1359 1734 quam

223 1770 287 1814 mea
310 1753 373 1814 fieri
395 1773 481 1834 posse
503 1755 681 1833 negaverim.
948 1833 951 1838 Ι

307 1851 457 1914 Librarius
486 1863 616 1916 extrema
645 1873 782 1917 versuum
812 1855 899 1916 verba
928 1853 1131 1925 commutavit,
1159 1871 1235 1932 qnae
1257 1857 1360 1930 postea

220 1959 373 2030 utcunque
409 1951 640 2031 corrigebantur.
695 1953 736 2014 lta
771 1955 806 2015 Ο.
835 1953 869 2014 R.
901 1973 944 2013 vv.
969 1951 1047 2012 1411
1066 1971 1111 2032 sq.
1144 1952 1239 2032 prima
1272 1949 1358 2010 verba

221 2055 399 2110 commutata
422 2067 487 2112 esse
498 2051 642 2130 ¹probarit
665 2053 785 2132 Burgus,
801 2052 904 2113 Tracb.
920 2071 965 2113 vv.
981 2051 1043 2113 817
1057 2070 1102 2131 sq.
1125 2059 1256 2111 extrema
1270 2049 1358 2110 verba

220 2145 330 2209 Nauck.
375 2147 477 2210 Eiusd.
501 2148 557 2210 lab.
574 2170 618 2210 xv.
637 2150 698 2210 614
713 2169 756 2232 sq.
779 2149 885 2229 legitur

320 2267 377 2330 καὶ
399 2264 495 2332 τοῖνδ’
518 2263 672 2344 ἆποίσεις
694 2265 787 2354 σῆμ’,
811 2265 830 2334 δ
853 2280 959 2344 κεῖνος
981 2261 1127 2351 educata

319 2365 502 2450 σφραγῖδος
525 2372 610 2452 ἕρκει
632 2363 714 2454 τῷδ’
738 2364 796 2431 ἔπ’
818 2363 909 2452 ὄμμα
931 2363 1083 2450 θήσεται.

218 2502 300 2576 Quae
328 2522 421 2584 quum
449 2504 576 2566 absurda
607 2524 673 2568 esse
701 2503 915 2568 intellexissent
936 2524 982 2564 ιι.
1006 2503 1065 2576 dd,
1087 2502 1162 2564 alins
1191 2502 1276 2564 aliam
1306 2521 1357 2562 ex·

218 2601 355 2679 cogitavit
376 2603 531 2666 medelam.
570 2603 610 2665 Ile
631 2605 778 2668 sententia
800 2604 878 2666 inter
898 2621 1003 2666 omnes
1029 2609 1154 2664 constat
1199 2601 1359 2681 Aptissime

218 2700 307 2778 igitur
327 2709 359 2763 et
378 2702 596 2782 simplicissime
610 2703 800 2765 commutatis
817 2700 913 2763 verbis
928 2701 1070 2764 extremis
1086 2700 1196 2779 Burgus
1211 2708 1243 2760 et
1257 2699 1357 2761 Nauck

217 2799 374 2879 legendum
398 2815 580 2865 censuerunt

517 2918 594 3005 σῆμ’
617 2919 637 2985 d
659 2933 766 2995 κεῖνος
790 2919 881 3002 ὄμμα
903 2918 980 2992 θεὶς

316 3016 500 3100 σφραγῖδος
522 3022 611 3100 ἕρκει
634 3015 716 3104 τῷδ’
738 3014 793 3082 ἔπ’
817 3014 853 3082 εὖ
875 3015 1073 3100 μαθήσεται.

216 3140 254 3200 ul.
277 3139 322 3202 El.
343 3158 389 3199 vv.
417 3138 566 3221 1222sq„
589 3139 638 3202 ubi
662 3137 907 3224 προσβλέψασα
928 3138 1006 3200 idem
1029 3137 1177 3217 estquod
1206 3137 1264 3198 boc
1292 3137 1356 3198 loco

215 3234 306 3320 ὄμμα
327 3240 412 3312 θείς.

300 3338 486 3400 Manifestum
509 3338 669 3400 verborum
693 3343 959 3401 transmutatomm
981 3335 1014 3396 in
1035 3333 1117 3396 libris
1133 3333 1355 3416 manuscriptis

215 3438 379 3517 exemplum
403 3437 503 3499 inveni
533 3437 565 3498 in
592 3437 728 3499 {socratis
751 3435 929 3516 Panegyrico
953 3433 1049 3510 §130
1069 3454 1095 3496 c.
1112 3435 1163 3498 36.
1208 3429 1356 3496 Exhibent

215 3535 294 3595 enim
317 3535 432 3597 codices
455 3536 559 3617 optimi
582 3536 708 3598 Urbinas
728 3548 758 3600 et
772 3535 997 3598 Ambrosianus:
1019 3531 1080 3618 χρή
1103 3533 1140 3598 δὲ
1163 3543 1355 3616 κατηγορεῖν

214 3632 276 3713 μὲν
308 3629 467 3716 ἡγεῖσθαι
489 3631 565 3707 τοδς
594 3633 652 3696 tat
680 3632 789 3720 βλάβῃ
821 3633 997 3698 τοιαῦτα
1029 3633 1245 3713 λέγοντας,
1277 3655 1353 3696 νου-

214 3733 330 3794 θετεῖν
363 3729 401 3794 δὲ
432 3731 508 3804 τοὺς
541 3727 597 3793 ἐπ’
631 3729 776 3816 ὠφελείᾳ
811 3731 1114 3815 λοιδοροῦντας.
1161 3735 1218 3796 Sed
1246 3733 1351 3814 reliqui

213 3832 328 3894 codices
352 3831 492 3892 extremis
516 3832 717 3893 membrorum
740 3831 854 3912 periodi
877 3832 974 3893 verbis
1002 3833 1190 3893 commutatis
1213 3867 1255 3875 -
1276 3833 1353 3905 τοὺς

212 3929 271 3994 ἐπὶ
304 3924 416 4014 βλάβῃ
449 3926 698 4010 λοιδοροῦντας,
738 3930 911 3992 νουθετεῖν
942 3929 979 3994 δὲ
1011 3927 1087 4003 τούς
1118 3927 1175 3992 ἐπ’
1208 3926 1352 4014 ὠφελείᾳ

212 4031 350 4092 τοιαῦτα
384 4027 547 4110 λέγοντας.
592 4029 633 4089 [le
665 4029 765 4091 latinis
794 4029 866 4090 mibi
893 4029 1022 4091 occurrit
1050 4031 1105 4092 Cic
1134 4038 1205 4094 orat.
1237 4034 1350 4113 partitt·

213 4149 238 4190 r.
255 4128 284 4202 3,
306 4125 373 4204 §82
408 4127 620 4191 ‘scrutabimur
648 4138 678 4190 et
704 4147 881 4209 quaeremus
911 4150 945 4190 ex
974 4126 1127 4204 omuibus,
1156 4131 1206 4192 sed
1228 4132 1351 4195 adbibe-

212 4228 310 4292 bimus
333 4227 486 4302 iudicium,
519 4237 553 4290 nt
585 4227 658 4290 levia
685 4237 715 4289 ct
741 4228 911 4290 communia
939 4247 1154 4310 nonuunquam
1183 4231 1349 4305 reiciamus‚

212 4346 330 4408 semper
353 4327 625 4408 praetermittamus
648 4345 708 4389 nun
732 4327 918 4390 necessariu'.
957 4327 1006 4390 Sic
1027 4328 1107 4389 enim
1131 4331 1347 4391 emendaverim

211 4447 287 4509 quae
309 4427 469 4488 traduntur
490 4445 641 4508 perverse:
666 4433 713 4489 ‘nt
734 4427 807 4488 levia
823 4445 940 4506 semper
961 4426 1111 4498 eiciamus,
1135 4447 1348 4510 nonnunquam

211 4527 298 4589 etium
332 4527 500 4590 communia
530 4528 800 4607 praetermittamus
828 4536 859 4588 et
886 4543 947 4588 nou
977 4526 1165 4588 necessaria’.
1211 4527 1252 4590 λιΙ
1276 4549 1348 4592 sen-
