3248 5142
204 617 275 676 uicis
297 632 397 693 corprts
419 615 539 676 edmund
561 635 625 676 eum
648 617 752 677 ciuibus
773 635 809 677 ue
831 617 965 696 sepeliant
986 636 1056 679 uaoe
1079 617 1223 696 defleant'.
1261 619 1342 692 erae

204 712 241 774 de
263 731 316 774 sua
336 713 482 777 sententia
506 733 522 774 a
545 714 671 776 Creonte
694 715 889 777 enuntiantur
911 715 1103 796 vv.194sqq.

289 831 314 874 v.
341 811 410 874 138.

306 909 372 988 nixa
394 905 425 971 δ’
449 905 548 972 ἄλλαι
570 909 611 973 τὰ
632 912 717 994 (μέν)
740 907 824 974 ἄλλα
845 908 886 972 τὰ
908 906 940 972 δ’
964 906 1022 972 ἐπ’
1045 905 1158 982 ἄλλοις
1181 918 1236 972 etc.

205 1023 237 1083 ln
261 1023 318 1084 hoc
339 1023 524 1086 emendando
547 1043 633 1086 versu
650 1024 734 1086 multi
757 1031 785 1085 et
807 1024 828 1085 ii
850 1023 1011 1085 doctissimi
1027 1041 1146 1102 operam
1164 1041 1208 1084 mc
1224 1023 1342 1102 quidem

205 1123 300 1183 iudice
325 1123 525 1202 nequidquam
549 1132 713 1204 posuerunt
735 1131 857 1204 propter
879 1122 957 1202 quod
981 1121 1170 1202 corruptione
1193 1141 1253 1183 non
1276 1142 1343 1203 per-

206 1229 321 1301 specta,
352 1232 385 1282 ut
407 1222 564 1285 violentius
587 1243 662 1304 quae
684 1223 789 1284 tradita
811 1230 882 1284 sunt
906 1231 1067 1294 mutarent,
1098 1240 1113 1281 a
1135 1240 1166 1284 se
1188 1222 1344 1301 impetrare

206 1342 266 1386 non
290 1333 470 1404 potuerunt,
497 1328 547 1389 sed
579 1327 650 1389 satis
677 1325 844 1388 habuerunt
867 1326 963 1387 deleto
986 1325 1077 1387 altero
1100 1321 1141 1385 τά
1163 1343 1279 1386 versum
1303 1321 1345 1383 sic

207 1423 407 1485 constituere:

308 1535 375 1614 εἶχε
397 1530 432 1597 d'
456 1531 540 1614 ἄλλᾳ
561 1535 603 1598 τὰ
624 1539 697 1619 μέν,
722 1532 805 1600 ἄλλα
827 1531 861 1599 δ’
885 1531 942 1598 ἐπ’
965 1531 1079 1607 ἄλλοις
1101 1569 1154 1597 -.
1273 1605 1274 1608 ¹

208 1649 303 1727 Atque
326 1657 358 1709 ut
385 1649 600 1710 sententiarum
628 1649 733 1710 seriem
766 1666 923 1728 exponam,
954 1649 1063 1710 chorus
1093 1649 1187 1710 laetus
1216 1648 1344 1724 victoria,

208 1765 295 1826 quam
311 1746 443 1808 Thebani
459 1745 494 1807 ab
511 1747 623 1826 Argivis
639 1757 868 1826 reportaverant,
892 1765 1010 1808 scenam
1028 1748 1177 1826 ingressus
1192 1765 1345 1825 oppugua-

207 1846 320 1906 tionem
344 1845 424 1906 urbis
447 1855 563 1907 enarrat
586 1866 629 1906 vv.
650 1846 707 1906 105
716 1866 791 1926 sqq,
816 1845 910 1926 pergit
931 1846 1096 1926 Capaneum
1119 1846 1224 1906 insano
1245 1845 1345 1906 lurore

209 1943 436 2006 debacchantem
464 1953 494 2005 et
523 1945 784 2006 infestissimorum
815 1954 971 2006 ventorum
1005 1947 1117 2026 impetu
1147 1947 1344 2006 incurrentem

209 2061 414 2123 repercussum
437 2061 502 2104 esse
524 2044 583 2105 ictu
608 2044 740 2106 fulminis
769 2043 989 2123 igniferumque
1009 2044 1092 2106 illum
1115 2046 1146 2106 in
1168 2052 1277 2105 terram
1299 2062 1347 2104 re-

209 2143 328 2202 iectum.
372 2141 449 2214 Quid
477 2147 540 2202 tum
570 2141 604 2201 ad
632 2143 709 2203 hanc
730 2142 882 2221 Capaneaa
910 2143 1000 2204 sortis
1028 2143 1246 2205 enarrationem
1274 2160 1347 2202 con·

210 2239 383 2300 eludendam
408 2239 511 2318 aptius,
535 2239 604 2318 quid
627 2240 800 2301 concinnius
823 2257 910 2319 quam
933 2241 1031 2320 pergi:
1054 2242 1151 2304 haecce
1173 2242 1285 2322 quidem
1305 2243 1348 2300 itu

210 2358 237 2399 se
259 2338 421 2399 deducerunt
443 2337 462 2398 i.
485 2356 512 2398 e.
535 2339 578 2400 sic
600 2348 634 2399 ut
655 2339 805 2400 enarravit
827 2338 934 2398 chorus
957 2359 984 2400 v.
1004 2339 1063 2400 134

306 2444 475 2527 ’ἀντιτύπᾳ
498 2444 531 2511 δ’
554 2444 612 2511 ἐπὶ
633 2449 676 2528 γᾷ
698 2451 780 2512 πέσε
801 2447 1037 2522 τανταλωθεὶς.

213 2563 314 2641 Neque
337 2561 491 2642 quisquam
524 2563 580 2624 hoc
608 2581 698 2623 sensu
728 2581 815 2642 quem
838 2561 966 2633 lloeclth,
990 2563 1121 2636 dindoni,
1145 2562 1347 2625 Schneidewin

211 2671 378 2721 statuerunt
393 2661 569 2734 offendebat,
593 2679 772 2741 quamquam
789 2659 1009 2741 Furtwaengler
1024 2662 1054 2723 in
1070 2662 1211 2742 Philologi
1226 2664 1282 2724 vol.
1300 2661 1348 2722 XV

211 2777 238 2840 p.
255 2759 311 2819 'llll
340 2759 421 2821 bunc
443 2781 459 2822 e
480 2761 577 2822 verbis
601 2761 716 2822 traditis
738 2760 802 2822 elici
824 2780 911 2840 posse
934 2761 998 2823 iure
1021 2761 1148 2842 negavit.

296 2859 397 2938 ltaque
418 2877 553 2938 propono

214 3079 327 3154 Quibus
348 3081 476 3160 receptis
498 3099 594 3160 neque
616 3082 672 3142 iam
698 3091 824 3142 metrum
854 3090 898 3142 cst
921 3081 1046 3155 laesum,
1069 3082 1104 3142 cl.
1123 3102 1147 3144 v.
1164 3081 1291 3155 antistr.‚
1321 3090 1350 3144 et

212 3199 284 3259 quas
298 3179 410 3241 litteras
427 3180 464 3242 La
479 3179 567 3241 hahet
581 3197 687 3253 erasas,
708 3181 763 3242 hae
778 3199 865 3259 quam
890 3180 1124 3260 probabilissime
1147 3189 1247 3244 erutae
1269 3189 1348 3241 suut.

212 3278 341 3342 Adnotat
370 3278 450 3340 enim
473 3278 601 3341 Dindorl
631 3279 666 3341 ad
690 3279 719 3340 h.
742 3297 783 3338 v.:
813 3280 888 3360 ‘palu
918 3298 934 3340 a
963 3299 1052 3342 mann
1083 3288 1143 3341 ant.
1167 3299 1221 3360 pro
1253 3281 1349 3343 littera

213 3380 307 3450 eluta,
335 3378 381 3439 cui
405 3378 479 3440 dnae
505 3379 577 3440 aliae
600 3377 817 3458 superscriptae
839 3377 984 3440 luerunt'.
1030 3379 1087 3440 Sed
1111 3378 1144 3439 G.
1168 3379 1268 3454 Wolll,
1299 3379 1349 3459 qui

212 3488 242 3539 ot
264 3477 327 3558 ipse
349 3477 457 3539 librum
481 3497 570 3540 manu
592 3480 735 3558 scriptum
752 3487 819 3558 post
835 3478 867 3539 H.
881 3477 1070 3540 huebnerum
1088 3480 1185 3540 denuo
1209 3479 1348 3541 contulit:

214 3576 268 3636 ‘La
303 3577 376 3637 nach
411 3577 477 3654 εἶχε
499 3571 529 3640 d'
553 3569 653 3638 ἄλλαι
686 3572 727 3638 τά
761 3576 987 3656 ursprnenglich
1011 3574 1031 3639 d
1054 3577 1107 3638 mit
1127 3577 1186 3638 last
1220 3577 1264 3638 his
1298 3596 1350 3639 zur

213 3675 290 3736 Zeile
312 3675 477 3754 gehendem
507 3676 638 3738 rechtem
664 3673 900 3736 Grundstricbe'.
944 3675 1001 3747 Qut
1029 3692 1098 3735 vero
1125 3674 1204 3754 quod
1232 3694 1267 3735 ex
1296 3677 1351 3736 hac

215 3783 282 3836 nota
306 3768 379 3844 διός
402 3772 491 3843 eruit,
520 3773 711 3834 vehementer
739 3773 798 3834 lalli
827 3773 900 3833 mihi
924 3773 1047 3834 videtur.
1092 3771 1182 3833 Multo
1205 3774 1282 3835 enim
1306 3779 1350 3836 la-

213 3873 297 3934 cilius
320 3879 421 3933 notam
444 3891 479 3932 cx
501 3867 538 3932 δέ
560 3879 653 3930 ortam
677 3889 743 3931 esse
765 3870 917 3932 concedes.
964 3873 1058 3950 Atque
1081 3871 1156 3932 hanc
1177 3872 1348 3951 particulam

212 3973 244 4033 in
269 3970 447 4034 membranis
469 3970 516 4031 illa
540 3979 610 4031 nota
633 3969 770 4050 scriptam
793 3969 886 4032 fuisse
915 3970 1010 4051 quivis
1034 3969 1149 4033 codices
1179 3973 1222 4033 vel
1245 3992 1348 4036 eorum

214 4072 353 4150 imagines
376 4069 452 4152 typis
476 4069 635 4148 exscriptas
658 4068 781 4130 intuitus
804 4069 949 4146 cognovit.
986 4068 1061 4129 Tum
1084 4068 1213 4144 lineolas,
1235 4091 1307 4150 quas
1331 4070 1352 4135 d

215 4170 428 4250 superscriptas
451 4187 516 4230 essa
537 4167 685 4245 referunt,
713 4185 766 4248 pro
792 4176 915 4229 accentu
941 4174 970 4228 ct
997 4169 1178 4248 apostropha
1200 4169 1350 4232 habendae

215 4276 295 4330 sunt.
339 4269 389 4328 Sic
410 4267 488 4328 enim
512 4267 552 4328 El.
571 4285 594 4326 v.
612 4265 673 4326 ott
696 4267 727 4328 εἴ
754 4267 897 4346 scriptum
918 4265 989 4338 luit,
1019 4284 1078 4345 quo
1105 4283 1189 4328 eraso
1211 4277 1349 4331 accentus

216 4375 386 4448 supersunt,
409 4366 445 4426 cl.
462 4365 546 4426 llind.
563 4365 631 4427 edit.
647 4365 741 4426 Oxou.
758 4365 804 4425 lll.
851 4365 1001 4426 librarius
1028 4365 1106 4426 onim
1133 4374 1289 4444 postquam
1313 4365 1351 4428 δέ

215 4465 340 4546 scripsit,
364 4462 489 4525 vocalem
513 4485 528 4524 e
551 4464 580 4525 in
602 4460 640 4526 δέ
661 4473 782 4544 proptor
798 4460 893 4536 ἄλλα,
917 4464 995 4542 quod
1011 4463 1153 4524 continuo
1169 4463 1194 4523 ei
1209 4464 1351 4528 adiunxe-

217 4574 271 4638 rat,
294 4562 461 4626 elidendum
485 4581 550 4623 esse
575 4562 645 4625 vidit
668 4563 697 4623 in
714 4561 887 4640 corrigendo
910 4562 984 4623 libro
1001 4581 1089 4623 manu
1110 4561 1229 4642 scripto,
1250 4571 1350 4625 tamen
