3248 5142
648 407 864 471 ..63-

187 587 292 644 ‘neceto
315 602 369 663 quo
391 583 525 652 οοσόόσοι,
548 600 600 642 one
622 601 675 662 quo
698 580 858 662 applicem?
880 583 1022 644 inclinato
1046 587 1147 652 lacent,
1170 601 1241 663 quoe
1263 601 1327 644 ma·

185 682 269 742 niues
298 691 390 754 teneo,
417 694 443 744 et
470 681 649 742 intolerando
676 681 803 761 afflictos
824 701 889 742 eum
909 681 996 761 scto‘.
1041 683 1080 743 Ut
1103 682 1182 742 enim
1207 680 1322 742 Andro-

187 780 288 842 macha
309 778 445 842 Enniana
478 779 525 840 illa
559 778 725 841 miserrima
759 797 821 840 non
853 779 911 841 iam
945 781 1058 860 quaerit
1085 798 1143 858 quo
1166 799 1198 840 ee
1222 788 1324 852 vertat,

188 879 238 940 sed
262 897 320 956 quo
341 879 461 948 accidat,
484 896 545 957 quo
566 876 699 956 applicet,
722 877 765 938 sic
788 878 883 939 Creon
906 879 970 958 pari
990 879 1108 940 fortuna
1131 896 1203 942 usus
1225 878 1326 940 eadem

188 977 340 1038 exclamat.
384 978 480 1056 Atque
503 984 535 1037 ut
557 975 671 1038 Ennius
693 976 810 1038 Medeae
835 976 894 1038 νόν
916 986 979 1039 ποτ
999 973 1178 1060 τράπωμαι
1201 977 1236 1038 ad
1259 995 1325 1038 ver-

188 1075 259 1136 hum
282 1075 443 1148 transtulit,
471 1076 514 1136 sic
537 1075 623 1137 verha
648 1079 724 1154 ‘quo
747 1075 890 1148 aecidam,
920 1096 979 1157 quo
1001 1074 1159 1156 applicem‘
1183 1095 1199 1136 e
1221 1094 1322 1154 graeco

187 1173 272 1235 fonte
298 1175 385 1236 ducta
412 1174 533 1253 recepit.
579 1173 660 1246 Quae
691 1193 707 1234 e
734 1174 879 1252 Sophocle
907 1183 1023 1254 sumpta
1054 1193 1119 1236 esse
1148 1191 1207 1234 uon
1234 1171 1327 1235 haheo

188 1273 267 1352 quod
290 1291 404 1350 negem.
442 1269 483 1332 ἶοό
503 1280 600 1334 autem
616 1273 778 1352 respondet
801 1268 840 1334 lm‘
862 1291 964 1334 uersus
979 1273 1132 1353 strophici.
1169 1272 1328 1352 Aptissime

188 1372 279 1451 igitur
300 1373 342 1434 illi
365 1381 519 1452 poetarum
542 1373 617 1432 mori
646 1373 677 1433 in
705 1373 918 1452 componendis
940 1373 1060 1435 canticis
1083 1371 1328 1434 convenientissi-

189 1490 270 1532 mum
286 1471 335 1532 hic
357 1480 402 1532 est
417 1472 544 1550 positum
561 1488 658 1551 neque
674 1471 797 1532 ollendit
810 1471 925 1532 duohus
942 1471 1082 1533 memhris
1104 1471 1324 1550 interpositum.

190 1570 263 1631 Nam
278 1578 395 1650 praeter
419 1567 458 1630 ἰιό
479 1588 521 1632 vs.
538 1570 680 1649 strophici
696 1571 733 1630 cl.
748 1571 790 1630 hi.
806 1589 833 1630 v.
850 1570 910 1631 394
928 1567 969 1630 lei
983 1569 1110 1642 σκότος,
1132 1567 1215 1650 ἐμόν
1229 1565 1327 1649 φάος,

190 1667 301 1748 ἔρεβος
323 1662 348 1728 τό
374 1662 604 1751 φαεννότατον,
632 1669 701 1729 nne.
719 1689 745 1730 v.
764 1667 843 1730 1287
864 1670 940 1730 τίνα
960 1670 1078 1750 θροεῖς
1100 1661 1214 1744 deiram
1238 1667 1330 1727 αλαῒ

189 1757 326 1827 ὀλωλότ’
355 1762 477 1847 ἄνδρα,
510 1767 611 1848 Eurip.
635 1768 747 1828 Phoen.
771 1786 796 1828 v.
820 1766 900 1829 1288
930 1762 1069 1847 πότερον
1097 1755 1251 1847 αἱμάξει,
1284 1761 1329 1826 td

189 1885 247 1945 μοι
270 1861 392 1936 πόνων,
415 1863 566 1926 Rossbach
588 1875 618 1927 et
641 1866 791 1946 Westphal
820 1867 915 1926 doctr.
940 1874 1027 1927 metr.
1049 1883 1141 1944 graec.
1164 1866 1190 1925 ll
1212 1884 1240 1944 p.
1258 1863 1328 1925 861.

189 1964 295 2024 Hiatus
323 1963 355 2024 in
378 1964 523 2025 dochmiis
546 1973 612 2026 octo
644 1973 813 2045 temporum
837 1973 958 2045 propter
980 1965 1129 2026 catalexim
1154 1964 1328 2036 admittitur,

190 2063 228 2123 cl.
241 2062 428 2124 Bramhachii
444 2063 523 2122 stud.
542 2072 627 2124 metr.
644 2065 682 2124 ad
697 2063 831 2142 Sophocl.
848 2083 877 2142 p.
894 2063 945 2122 61.
982 2063 1025 2123 Ad
1047 2063 1228 2144 προσπέσοι
1251 2062 1329 2122 aori·-

191 2169 268 2222 stum
292 2159 371 2222 verbi
394 2163 626 2239 προσπίτνειν,
653 2163 732 2241 quod
756 2171 801 2222 est
827 2162 969 2224 sollemne
992 2160 1174 2240 suppheandi
1197 2162 1329 2233 verbum,

191 2260 226 2320 ol.
242 2260 347 2322 Trach.
365 2278 390 2319 v.
406 2259 468 2320 904

290 2370 433 2452 βροχᾶτο
454 2368 515 2453 μὲν
537 2372 682 2452 βωμοῖσι
706 2367 946 2454 προσπότνοοά

185 2481 247 2543 OG.
264 2501 307 2544 vv.
327 2483 407 2545 1156
415 2503 480 2564 sqq.
504 2485 610 2567 φασίν
631 2479 697 2546 τιν’
714 2520 755 2528 -
770 2479 876 2566 ἄνδρα
890 2519 932 2527 -
948 2481 1183 2564 προσπεσόντα
1206 2504 1276 2555 πως

291 2595 391 2680 βωμῷ
414 2595 594 2680 καθῆσθαι
615 2597 661 2680 τῷ
685 2595 894 2668 Ποσειδῶνος
917 2633 967 2657 -.
1037 2629 1043 2642 ·

194 2703 301 2768 Κλόνω
326 2707 361 2768 de
384 2725 506 2788 corpore
540 2709 709 2771 inclinando
743 2718 772 2771 et
794 2705 962 2791 applicando
994 2710 1108 2789 passive
1140 2716 1183 2770 est
1218 2708 1329 2770 dictum

189 2807 256 2866 Ant.
274 2825 297 2866 v.
320 2805 397 2868 1188
421 2801 525 2868 cincla
548 2806 585 2869 δὲ·
608 2806 762 2890 κλίνομαι
786 2818 815 2869 et
836 2808 940 2870 Trach.
956 2829 980 2868 v.
1002 2807 1091 2868 1226.

276 2891 429 2967 Sententia
453 2906 556 2966 similis
580 2913 623 2966 est
646 2907 820 2968 Hermiones
843 2907 874 2966 in
897 2907 1100 2968 Andromache
1124 2906 1219 2966 sabula
1243 2905 1328 2966 Euri-

188 3003 266 3084 pidis
288 3023 332 3063 vv.
350 3001 411 3063 859
420 3021 465 3082 sq.

288 3117 377 3186 τίνος
398 3108 588 3194 ἀγάλματος
611 3109 711 3186 inlate
733 3109 882 3196 ὀρμαθιό,

289 3211 309 3298 ἢ
332 3209 437 3277 δούλα
459 3210 580 3285 δούλας
601 3209 740 3290 γούνασι
763 3215 960 3296 προσπέσοις

274 3327 378 3389 Trach.
395 3347 437 3388 vv.
454 3327 547 3407 hhsq.
585 3327 695 3388 Ancilla
711 3326 875 3390 Deianiram
898 3327 935 3388 de
958 3326 1096 3388 diuturna
1120 3326 1252 3388 Herculis
1275 3325 1328 3387 ah-

190 3425 283 3488 sentia
306 3435 479 3506 querentem
504 3434 614 3500 monet,
647 3434 680 3488 ut
713 3427 839 3507 aliquem
873 3427 971 3490 mittat
1003 3426 1037 3492 ad
1072 3427 1210 3490 maritum
1243 3427 1327 3488 inve-

191 3522 368 3600 stigandum,
765 3530 767 3534 ’

291 3631 437 3716 μάλιστα
457 3631 490 3695 d³
514 3629 617 3714 όνπερ
640 3634 726 3709 εἰκός
741 3630 871 3711 Ὕλλον,
896 3637 926 3698 εἰ
947 3634 1073 3718 πατρός

290 3735 385 3814 νόμοι
409 3726 473 3794 τιν’
497 3729 584 3813 ὤραν
605 3732 663 3795 τοῦ
685 3730 791 3806 καλῶς
813 3731 977 3816 πράσσειν
998 3733 1118 3798 δοκεῖν.

192 3845 382 3908 Scholiastam
406 3844 499 3906 secuti
522 3853 724 3906 enarrantem:
748 3841 766 3908 ό
790 3844 826 3908 δὲ
848 3847 934 3922 νοῦς,
960 3851 1014 3909 ἵνα
1029 3844 1156 3929 μάθῃς,
1181 3846 1212 3907 el
1226 3865 1328 3930 φρον-

191 3942 268 4016 τίζω
291 3941 375 4026 ὑπὲρ
391 3943 448 4006 τοῦ
463 3939 575 4006 δοκεῖν
590 3941 694 4015 καλῶς
709 3937 992 4028 διαπράττεσθαι,
1007 3946 1152 4016 Matthiae,
1170 3947 1329 4019 Hermann,

192 4043 332 4116 Wunder,
348 4043 474 4106 Dindort
492 4042 675 4123 interpretati
691 4053 775 4104 sunt:
800 4049 842 4105 ‘m'
860 4049 951 4124 patris
973 4045 1098 4126 aliquam
1120 4056 1328 4125 corrumperet,

193 4161 232 4203 cc
245 4143 296 4204 ille
308 4143 394 4205 relus
409 4143 537 4206 secundis
554 4146 600 4204 uti
611 4143 765 4204 otdecmr'.
804 4144 855 4205 Cui
879 4143 1111 4223 interpretationi
1134 4154 1216 4206 recte
1235 4162 1328 4224 oppo-

193 4250 320 4303 suerunt
334 4242 527 4304 'lhielemann
549 4249 580 4303 et
602 4241 744 4321 Hartung,
768 4260 829 4303 non
852 4242 898 4322 egi
921 4242 957 4303 de
981 4243 1071 4322 patris
1090 4262 1166 4323 quae
1187 4242 1328 4316 videatur,

193 4341 244 4401 sed
268 4340 303 4400 de
325 4357 390 4401 vera
413 4340 477 4402 eius
500 4340 602 4402 salute.
647 4340 742 4402 Heath
770 4341 858 4419 igitur
884 4340 940 4420 legi
966 4341 1056 4402 voluit
1080 4340 1110 4402 el
1133 4338 1257 4422 πατρὸς
1277 4342 1328 4403 νό-

193 4459 269 4520 μειν
283 4477 324 4486 -
341 4436 443 4500 donet.
479 4439 586 4521 Neque
597 4457 667 4502 vero
682 4439 760 4502 mitti
774 4459 828 4521 par
842 4449 905 4504 erat
919 4439 1046 4520 Hyllum,
1069 4441 1093 4501 si
1115 4439 1207 4520 patris
1229 4458 1329 4502 curam

193 4549 294 4616 gerere
315 4544 430 4600 tantum
446 4537 570 4612 ridetur,
592 4539 643 4600 sed
666 4539 744 4601 sire
767 4557 832 4601 vora
856 4557 955 4602 curam
978 4539 1059 4619 gerit
1097 4537 1198 4619 ltaque
1214 4538 1329 4602 Brunch
