3248 5142
671 421 891 484 ...69-

209 598 317 662 tectam
346 615 412 657 esse
438 597 556 658 deceret
582 595 738 674 coniugem
767 595 998 658 amantissimam
1027 604 1056 656 et
1079 603 1204 658 matrem
1229 598 1356 662 maxime

210 695 365 762 sollicitam
399 695 493 775 probe
525 694 635 758 sciehat
664 694 859 774 hominesque
887 693 1017 773 lingebat
1046 711 1108 756 non
1129 695 1231 775 quales
1253 704 1355 760 essem

210 796 255 856 vel
277 811 342 858 esse
365 803 496 874 possent,
522 794 577 857 sed
604 795 707 873 qualos
734 813 800 856 esec
828 801 991 876 oporteret,
1020 793 1056 856 cf.
1080 794 1241 874 quae'ipsc
1263 794 1300 856 de
1323 813 1355 858 se

210 893 293 962 dixit,
321 892 444 954 Aristotr
470 900 548 972 poet.
576 911 601 958 c.
618 891 659 954 26
682 895 772 968 §lh
807 888 905 967 αὐτὸς
935 890 996 974 μὲν
1025 895 1117 965 οἵους
1146 889 1199 954 det
1228 902 1353 968 morata,

206 983 405 1072 Ἐὐριπίδην
420 988 457 1052 δὲ
473 986 541 1054 olol
556 989 653 1054 εἰσιν.
697 991 777 1053 Neve
800 992 847 1054 hic
867 992 989 1072 quidem
1012 991 1041 1052 id
1064 989 1221 1063 commisit,
1248 993 1354 1054 sedin

210 1087 309 1152 tabula
342 1088 492 1168 Iphigenia
519 1089 670 1152 Aulidensi
704 1110 747 1152 vr.
769 1089 831 1152 784
849 1110 913 1170 sqq.
947 1089 1094 1170 virginum
1128 1090 1270 1162 chorum,
1302 1092 1354 1171 qui

209 1189 320 1269 patriae
343 1188 528 1252 eversionem
552 1197 583 1250 et
605 1189 756 1252 servitutis
772 1197 885 1252 sortem
900 1190 1086 1270 deprecatur,
1108 1188 1353 1269 pronuntiantem

208 1287 292 1350 lecit:

309 1381 386 1470 μήτ’
409 1385 498 1469 ἐμοί,
522 1382 597 1470 μήτ’
621 1385 733 1469 ἐμοῖσι
755 1389 877 1450 τέκνων
898 1381 1025 1460 τέκνοις

313 1482 409 1560 ἐλπὶς
426 1479 487 1548 ἅδε
509 1482 586 1550 ποτ’
611 1483 719 1549 ἔλθοι.

209 1599 294 1660 Vides
316 1601 368 1660 has
392 1599 502 1678 puellas
525 1598 674 1679 simplices
696 1609 726 1661 ct
741 1600 824 1680 quasi
845 1598 976 1680 plebeias
999 1605 1032 1658 ut
1047 1597 1085 1658 ita
1101 1597 1206 1670 dicam,
1229 1598 1253 1658 si
1270 1616 1353 1658 com·

209 1698 356 1778 paraveris
379 1713 447 1758 cnm
470 1697 605 1760 Deianira
628 1698 737 1760 lomina
760 1698 850 1778 regia,
879 1715 941 1760 non
967 1705 1027 1759 tam
1050 1695 1211 1758 inhumane
1233 1696 1352 1767 sentire,

208 1797 262 1858 sed
285 1814 323 1858 ne
350 1796 512 1858 liberorum
539 1815 661 1858 snorum
690 1795 797 1858 liberos
824 1796 944 1877 quidem
968 1794 1028 1875 pati
1049 1812 1149 1855 servos
1171 1795 1243 1855 fieri.
1288 1795 1353 1874 lpsc

208 1895 378 1975 Aeschylus,
407 1903 440 1956 nt
462 1903 526 1956 erat
548 1896 649 1956 durior
672 1895 716 1956 vir
739 1895 950 1964 Marathonius,
974 1903 1074 1955 tamen
1102 1894 1294 1955 nondiscrte
1316 1894 1352 1954 de

207 1993 307 2055 liberis
333 2001 550 2054 memorantem
579 1994 663 2056 linxit
689 1993 898 2055 Thebanarum
927 1993 1062 2064 chorum,
1095 1994 1146 2054 sed
1180 1992 1351 2054 summatim

208 2091 415 2164 detestantem,
439 2091 518 2172 Sept.
541 2111 566 2153 c.
589 2091 682 2153 Theb.
706 2111 750 2153 vv.
767 2091 906 2171 219sqq.

308 2198 354 2286 μή
379 2197 456 2266 ποτ’
484 2197 563 2285 ἐμὸν
586 2199 660 2265 κατ’
686 2202 793 2265 αἰῶνα
819 2201 916 2265 λίπον
943 2202 1034 2267 θεῶν

308 2294 367 2363 ἅδε
393 2297 591 2382 πανάγυρις,
617 2296 700 2384 μηδ’
726 2298 880 2367 ἐπίδοιμι
906 2295 1001 2364 τάνδ’

309 2395 621 2484 ἀστυδρομουμέναν
645 2396 749 2464 πόλιν
774 2400 830 2463 καὶ
853 2397 1029 2484 στράτευμ’
1107 2471 1113 2482 ,

306 2491 497 2582 ἁπτόμενον
523 2499 604 2582 πυρὶ
631 2498 727 2584 δαίῳ.

207 2610 285 2688 Ergo
308 2629 384 2690 quae
407 2613 518 2692 puellas
540 2613 681 2693 innuptas
698 2614 856 2693 Aeschylus
878 2631 941 2675 non
963 2611 1083 2684 diserte,
1108 2611 1262 2691 Euripides
1285 2631 1351 2672 om-

206 2707 278 2769 nino
309 2727 369 2770 non
400 2711 480 2790 loqui
510 2712 683 2784 voluerunt,
718 2730 791 2773 eane
820 2709 981 2791 Sophocles
1008 2717 1131 2771 matrem
1162 2712 1350 2789 profitentem

114 2835 116 2840 v
206 2804 301 2869 lecit?
329 2808 460 2870 Minime.
497 2808 645 2872 Delendue
669 2819 714 2873 est
736 2828 849 2882 versus,
873 2810 923 2888 qui
946 2827 1039 2889 quum
1062 2809 1120 2870 iam
1143 2806 1179 2868 ab
1195 2808 1351 2872 scholiasta

207 2905 294 2967 Laur.
318 2907 357 2967 sit
380 2906 540 2986 explicatus
563 2927 660 2987 neque
682 2917 782 2970 tamen
806 2927 841 2969 ex
863 2908 913 2980 iis,
940 2926 1015 2988 qnae
1038 2925 1127 2986 supra
1151 2907 1283 2986 exposui,
1313 2908 1352 2968 sit

206 3004 355 3077 ferendus,
379 3005 506 3066 dubitari
528 3022 591 3066 non
613 3016 722 3086 potest,
745 3007 817 3086 quin
840 3006 875 3068 ab
898 3005 995 3085 aliquo
1011 3005 1157 3066 histrione
1172 3005 1287 3067 aflictos
1302 3006 1351 3080 sit,

207 3103 259 3182 qui
279 3101 408 3166 fortasse
431 3103 499 3166 lolai
523 3105 609 3167 rerba
632 3107 663 3166 in
685 3105 785 3184 Enrip.
811 3103 973 3166 Heraclidis
995 3123 1021 3164 v.
1038 3103 1079 3165 66

308 3209 365 3278 οὐκ
391 3211 433 3280 ἄν
457 3212 587 3296 γένοντο
613 3213 702 3279 τοῦτ’
729 3214 810 3298 ἐμοῦ
838 3211 958 3288 ζῶντός
984 3237 1066 3278 ποτε

142 3367 145 3372 -
207 3327 349 3389 memoria
384 3329 504 3390 tenebat
533 3346 628 3410 neque
661 3327 851 3392 condiciones
886 3327 988 3390 matris
1021 3327 1161 3390 sollicitae
1195 3335 1224 3390 ct
1257 3328 1350 3390 exulis

206 3425 345 3504 supplicis
369 3426 560 3489 discernebat.

291 3543 317 3583 v.
340 3523 411 3588 526.
455 3526 569 3588 Chorus
597 3533 727 3588 atrocem
752 3546 879 3608 pugnam
904 3543 978 3606 quae
1007 3533 1070 3587 erat
1092 3525 1248 3586 commisse
1272 3525 1351 3586 inter

206 3625 363 3688 Herculem
380 3632 410 3685 et
421 3625 580 3686 Acheloum
597 3626 717 3686 lluvinm
735 3634 854 3686 enarrat
870 3625 1010 3695 carmine,
1026 3643 1115 3704 quam
1131 3624 1348 3684 enarrationem

206 3723 357 3788 concludit
379 3720 475 3782 verbis

306 3823 368 3904 ἐγώ
395 3821 432 3887 δὲ
457 3820 564 3906 μάτηρ
589 3821 650 3905 μὲν
676 3820 732 3886 οἷα
758 3819 848 3906 φράζ
875 3870 882 3884 .

205 3941 243 4001 lt
265 3948 359 4000 mater
380 3937 470 4000 huius
497 3936 554 3999 loci
583 3936 706 3998 omnino
736 3954 797 3998 non
819 3945 873 3997 est.
918 3937 984 4009 Quo
1007 3944 1161 4016 perspecto
1184 3936 1284 4016 inepte
1314 3957 1347 3998 cx

206 4039 306 4120 inepta
322 4037 496 4100 scholiastae
518 4035 765 4114 interpretatione
780 4034 914 4116 Hartung
930 4036 1010 4098 hunc
1026 4053 1145 4098 versum
1161 4037 1203 4097 sic
1218 4037 1347 4116 redegit:

305 4131 368 4218 ἐγώ
394 4136 431 4202 δὲ
456 4136 497 4200 τὰ
523 4131 656 4220 τέρματ’
684 4133 740 4198 οἷα
766 4131 857 4220 φροέζ
886 4179 893 4198 .

205 4244 271 4316 Quo
295 4242 367 4304 nihil
389 4242 531 4321 trigidius.
568 4239 735 4321 Opponitur
758 4239 838 4302 enim
862 4236 925 4317 ἐγώ
940 4236 1007 4302 κτλ.
1031 4240 1083 4316 eis,
1111 4259 1187 4321 qnae
1216 4239 1349 4319 proxime

205 4341 341 4406 adiuncta
363 4348 446 4402 sunt:

305 4438 342 4506 cd
370 4437 404 4504 d’
432 4437 669 4524 οἷμφννείνητον
693 4439 784 4526 ὄμμα
810 4437 941 4524 νύμφας

305 4538 433 4605 ἐλεινὸν
459 4534 604 4622 ἀμμένει.
