3248 5142
724 411 941 473 -74-

261 599 359 652 autern
383 587 559 650 adiectivum
587 594 782 668 amputatum,
812 597 847 651 ut
874 584 1009 671 μανρόω
1036 607 1072 648 ex
1097 575 1269 670 ἆμανρόω,
1297 587 1399 648 eodem

261 689 311 751 hic
333 707 423 750 sensu
446 696 492 748 est
515 695 697 768 usurpatum,
720 687 1004 768 quoOC.v.1018
1027 681 1174 770 ἀμαυρός
1190 687 1320 766 positum
1337 705 1401 748 esse

261 786 433 850 Doederlein
457 786 605 866 exposuit:
630 792 714 848 ‘nam
738 783 894 869 ἀμαυρός,
916 787 957 848 ait
971 807 996 848 v.
1014 787 1053 857 d..
1076 805 1168 867 quum
1190 785 1309 866 proprie
1325 793 1403 848 esset

257 904 333 948 non
371 885 609 967 splendidus,
647 880 685 948 οὐ
709 887 918 967 μαρμαίρων,
957 886 1041 966 plane
1074 885 1107 946 in
1131 885 1333 946 tenuitatis
1357 885 1402 946 vel

257 985 506 1048 infirmitatis
537 984 689 1046 notionem
720 982 814 1046 abiit’.
859 985 949 1047 Recte
983 983 1103 1064 quidem
1136 983 1214 1044 vocis
1248 983 1400 1046 uodonem

257 1085 422 1165 perspexit,
456 1083 556 1144 minus
590 1091 672 1146 recte
705 1083 910 1163 etymologiam
948 1102 971 1143 s.
1008 1083 1213 1162 veriloquium.
1267 1081 1308 1144 lle
1340 1101 1400 1162 quo

229 1191 231 1195 ’
258 1184 295 1246 ol.
320 1183 412 1246 Curtii
435 1184 520 1244 elem.
544 1183 662 1263 etymol.
688 1200 783 1262 graec.
807 1201 837 1262 p.
853 1182 915 1242 554
930 1201 985 1261 sq,
1009 1182 1145 1244 Goebell
1168 1201 1196 1260 p.
1214 1180 1275 1242 295
1288 1200 1333 1261 sq.

342 1283 446 1362 ltaque
468 1281 691 1344 Trachiniarum
715 1282 824 1342 chorus
845 1282 919 1342 haec
940 1282 1003 1342 lere
1026 1288 1139 1342 cantat:
1174 1283 1302 1344 ‘uocum
1326 1280 1402 1359 lictu

259 1381 381 1442 mercado
408 1399 484 1443 coro
505 1383 664 1453 coenetur,
691 1399 761 1461 quoe
786 1399 832 1441 rue
856 1399 893 1441 erc
918 1379 962 1440 bis
987 1379 1054 1440 locis
1079 1380 1212 1459 obripiat,
1238 1397 1275 1440 oe
1294 1396 1400 1459 penore

260 1483 384 1550 morior,
422 1499 510 1561 quum
538 1465 615 1542 lovis
643 1480 736 1560 fillum
776 1478 932 1540 validum
970 1479 1181 1541 invalidum
1214 1479 1306 1540 subito
1345 1479 1399 1540 cd-

255 1577 419 1657 spcaerim'.

344 1677 495 1754 Pergitur:
530 1676 684 1757 '‘siquldcm
714 1680 795 1738 ciunt
824 1677 939 1738 domem
973 1695 1038 1738 eom
1072 1679 1170 1738 occare
1204 1673 1404 1738 immedicabili

257 1787 419 1856 correptum
451 1775 548 1838 dolere
579 1771 725 1839 ἄσπετόν
750 1795 784 1836 τι
815 1770 960 1857 θαῦμα.
1004 1776 1156 1838 Postrema
1182 1794 1285 1856 graeca
1313 1775 1400 1837 rerba

259 1875 425 1936 offendunt.
479 1874 552 1936 Nam
586 1873 704 1956 θαῦμα
736 1874 906 1954 prodigium
934 1874 1074 1937 Hercules
1107 1875 1164 1936 dici
1198 1894 1260 1938 non
1294 1881 1399 1956 potest

257 1973 341 2045 Quod
365 1991 477 2034 nomen
499 1982 580 2034 recte
603 1973 726 2052 quidem
749 1973 785 2034 de
807 1973 979 2035 hominibus
996 1973 1041 2034 rel
1063 1973 1153 2041 rebus
1175 1973 1400 2036 admirationem

257 2071 482 2143 mentientibus,
511 2071 548 2132 cl.
571 2070 761 2132 Homericum
796 2070 915 2154 θαῦμα
942 2069 1094 2146 ἰδέσθαι,
1125 2071 1289 2152 praedicari
1317 2073 1399 2146 solet,

257 2170 309 2230 sed
343 2188 400 2249 qua
433 2169 546 2230 ratione
580 2171 615 2230 de
649 2170 770 2232 homine
799 2171 907 2232 misero
936 2170 992 2232 dici
1018 2170 1122 2250 possit.
1158 2189 1218 2232 non
1247 2187 1398 2250 assequor.

257 2269 350 2348 Atque
374 2268 459 2328 nobis
488 2268 704 2330 sententiarum
739 2269 846 2356 seriem
879 2269 1076 2350 cogitantibus
1110 2267 1216 2330 chorus
1245 2269 1280 2329 de
1305 2269 1398 2331 valido

257 2367 327 2426 olim
351 2366 474 2428 Hercule
501 2384 582 2428 nunc
608 2386 677 2428 vero
703 2368 809 2429 misero
837 2375 927 2447 atque
954 2377 1073 2446 aegroto
1096 2384 1156 2428 non
1185 2365 1316 2448 θαῦμα,
1346 2367 1397 2429 sed

257 2467 308 2526 θέ
315 2488 336 2524 α
344 2487 398 2545 μα
421 2465 529 2526 dixisse
552 2465 675 2537 videtur,
700 2468 779 2546 quod
801 2466 860 2528 iam
877 2466 1120 2528 llcrwerdenium
1136 2468 1212 2529 anal.
1233 2467 1295 2528 crit.
1312 2485 1340 2546 p.
1357 2465 1398 2526 22

257 2571 286 2624 et
309 2563 501 2625 Schenklium
530 2564 624 2624 annal.
656 2565 748 2626 schol.
771 2567 868 2627 lustr.
894 2565 1115 2644 cenapum
1144 2565 1304 2628 coniecisse
1332 2583 1398 2626 sero

257 2662 391 2739 cognovi.
457 2662 617 2724 infandum
661 2663 808 2742 quoddam
853 2665 1109 2743 spectaculum
1136 2663 1209 2725 -dici
1254 2665 1398 2724 valentem

256 2760 414 2822 Herculem
443 2760 491 2821 tali
522 2761 610 2825 modo
637 2761 775 2824 allectum
804 2763 897 2824 multo
926 2762 1099 2826 concinnius
1127 2770 1171 2824 est
1193 2781 1282 2842 quam
1309 2761 1398 2824 mira-

256 2861 365 2921 culum.
414 2859 541 2922 Nomine
573 2869 673 2924 autem
706 2863 824 2943 θέαμα
849 2862 904 2922 hac
932 2862 996 2942 ipsa
1023 2861 1102 2924 tristi
1129 2861 1157 2922 vi
1185 2861 1281 2923 utitur
1312 2868 1398 2940 poeta

255 2960 314 3020 ΟΒ.
331 2978 356 3018 v.
377 2957 455 3018 1295

354 3067 469 3152 θέαμα
492 3068 627 3154 eludebat
641 3071 794 3134 τοιοῦτον
809 3069 884 3135 οἷον
905 3071 961 3134 καὶ
984 3066 1156 3149 σσσγαῦνι’
1180 3069 1372 3134 ἐπαιιιιίσαι

254 3186 428 3246 decaecato
453 3184 567 3262 Oedipo
591 3193 620 3245 et
642 3183 685 3244 Αἰ.
710 3204 735 3244 v.
752 3182 815 3244 992
838 3185 875 3246 de
898 3185 992 3246 Aiacis
1015 3184 1155 3246 cadavere

356 3289 381 3356 ὦ
404 3295 468 3358 τῶν
490 3289 646 3357 ἁπάντων
667 3292 706 3375 δή
730 3291 911 3376 θεαμάτων
933 3292 1007 3375 ἐμοὶ
1031 3290 1198 3370 ἄλγιστον.

339 3421 451 3482 lleinde
472 3440 498 3480 v.
515 3420 577 3482 964
600 3437 788 3499 nequaquam
812 3420 950 3500 explicari
973 3428 1099 3500 possunt
1121 3420 1209 3482 verba

356 3531 457 3604 ξένων
477 3529 539 3611 γὰρ
560 3527 712 3614 ἕξόμιλος
734 3524 792 3614 ἥδε
814 3553 864 3606 τις
886 3527 995 3613 βάσις.

257 3659 329 3719 Nam
354 3658 427 3719 adi:
451 3652 615 3738 ἐξόμιλος,
639 3658 717 3738 quod
736 3659 791 3720 hoc
812 3677 872 3720 uno
893 3667 996 3720 nostro
1018 3659 1084 3719 loco
1099 3677 1196 3737 neque
1211 3657 1287 3736 apud
1306 3658 1398 3720 ullum

256 3757 344 3818 alium
381 3756 556 3836 scriptorem
593 3757 715 3836 legitur,
752 3757 996 3837 peregrinum
1031 3757 1117 3836 vulgo
1148 3756 1267 3835 quidem
1301 3757 1398 3818 inter-

256 3863 417 3935 pretantur.
464 3855 522 3917 Sed
550 3855 686 3934 genetivo
715 3853 816 3926 ξένων
842 3857 900 3917 iam
922 3855 1087 3917 indicatum
1111 3863 1157 3916 est
1186 3849 1288 3934 βάσιν
1310 3874 1398 3932 pere-

255 3953 408 4033 grinorum
442 3973 523 4024 esse,
563 3953 610 4014 cui
643 3954 667 4014 si
700 3954 869 4016 adiunxeris
901 3955 1024 4016 alteram
1057 3951 1282 4015 attributionem
1319 3953 1398 4016 idem

257 4052 412 4124 valentem,
444 4069 554 4113 meram
583 4060 689 4131 poetae
717 4052 908 4132 tautologiam
931 4051 1070 4114 obtrudes
1093 4052 1217 4112 alienam
1239 4051 1295 4113 hoc
1322 4053 1397 4114 loco.

255 4151 331 4212 'lum
354 4145 506 4231 ἕξόμιλος
529 4161 659 4212 nonest
683 4151 865 4230 peregrinus,
888 4151 939 4214 sed
962 4151 986 4212 is
1008 4149 1060 4231 qui
1082 4157 1185 4210 extra
1209 4149 1398 4212 hominum

256 4258 387 4312 coetus
409 4258 551 4322 versatur,
579 4249 658 4328 quod
689 4249 722 4311 in
748 4250 804 4310 hac
827 4250 985 4312 verborum
1008 4247 1213 4312 enuntiatione
1242 4249 1313 4312 lerri
1336 4267 1398 4312 non

255 4355 361 4428 potest.
407 4349 508 4410 lleleto
538 4347 628 4426 igitur
650 4343 810 4428 ἐξόμιλος,
840 4349 919 4428 quod
943 4343 1059 4430 ὅμιλος
1081 4347 1175 4425 glossa
1202 4347 1398 4410 interlinearis

255 4448 336 4508 vocis
359 4442 475 4519 στάσις
496 4446 528 4507 in
550 4453 665 4508 textum
687 4445 765 4508 illata
786 4447 931 4527 expulerit
950 4464 1050 4508 vocem
1072 4446 1240 4525 genuinam,
1264 4445 1398 4510 blelnelre

255 4546 414 4624 legendum
435 4544 551 4606 censuit
