3248 5142
762 395 982 459 ..14-

299 586 394 649 aequo
416 574 450 630 ut
473 569 626 632 videbatur
648 571 748 632 animo
769 572 801 632 in
823 572 987 636 tentorium
1010 589 1098 636 suum
1120 591 1153 634 se
1175 583 1334 656 receperat.
1381 577 1440 638 Sed

299 687 392 748 quum
429 668 475 730 sui
510 678 665 748 sperarent
706 669 770 733 lore
807 678 840 733 ut
881 672 1032 753 paullatim
1069 673 1224 738 sedaretur
1260 673 1440 753 ignominiae

299 777 435 850 acceptae
463 768 562 843 dolor,
594 778 681 833 nocte
709 789 793 836 caece
821 774 922 836 lurore
953 772 1101 855 impulsus
1127 783 1247 855 praeter
1269 773 1440 854 opinionem

298 867 446 948 pecudum
469 869 588 942 caedem
611 879 840 952 perpetraverat

382 986 409 1027 v.
432 967 503 1028 405.
547 969 618 1032 Aiax
641 978 797 1047 nocturno,
825 991 885 1053 quc
912 991 982 1036 eum
1004 971 1132 1034 llinerva
1160 973 1304 1048 affecerat,
1338 973 1439 1036 imore

298 1067 373 1130 liber
406 1084 504 1128 coram
535 1066 703 1134 Salaminiis
735 1070 798 1134 suis
831 1069 1017 1134 acerbissime
1045 1071 1241 1154 conqueritur
1271 1071 1439 1134 solertem

298 1167 381 1229 illum
414 1184 511 1246 neque
544 1186 676 1250 unquam
702 1169 735 1231 in
762 1171 869 1251 pugnis
895 1170 1088 1251 perterritum
1121 1171 1283 1252 pecudibus
1317 1170 1440 1232 minime

237 1273 238 1277 ’
297 1263 533 1328 formidabilibus
555 1285 661 1331 manus
686 1268 832 1345 iniecisse,
862 1267 1000 1333 tenebras
1026 1269 1124 1332 lucem
1155 1290 1238 1333 suam
1268 1270 1386 1333 invocat
1408 1278 1440 1332 ut

297 1385 330 1428 se
351 1365 471 1446 recipiat
492 1364 630 1442 incolam,
653 1385 747 1450 quum
770 1367 827 1431 vita
849 1368 987 1450 indignus
1009 1369 1063 1446 sit3
1093 1387 1153 1452 quo
1177 1368 1257 1433 enim
1279 1369 1438 1450 confugiat,

298 1463 350 1526 ubi
372 1464 433 1528 iam
457 1462 613 1528 versetur?
649 1467 750 1548 Pergit

397 1589 428 1653 el
449 1587 491 1652 τὰ
511 1585 573 1671 μὲν
594 1593 726 1674 φθίνει,
749 1590 856 1677 φίλοι,
879 1587 996 1657 τοῖσδ’·
1012 1589 1096 1676 6μοῦ
1118 1592 1236 1670 πέλας,

396 1685 523 1773 μοίραις
544 1685 577 1753 d’
601 1688 718 1773 ἄγραις
741 1693 981 1776 προσκοίμεθα,

398 1789 465 1863 πᾶς
487 1787 526 1852 dt
548 1789 686 1874 στρατὸς
707 1789 868 1866 δίπαλτος
893 1788 935 1856 ἄν
956 1815 996 1876 pe

396 1887 482 1971 χειρὶ
505 1885 652 1972 posterior.

297 2011 390 2076 Verba
412 2013 444 2077 sl
464 2012 506 2077 rei
526 2013 588 2096 μὲν
609 2051 650 2059 -
673 2011 776 2089 πέλας
799 2022 1030 2098 corruptaesse
1052 2015 1198 2079 evincitur
1219 2023 1250 2078 et
1272 2014 1438 2079 sententiae

297 2111 475 2177 obscuritate
498 2121 529 2176 et
550 2114 869 2198 verbisxantistrophae
892 2134 966 2197 quae
987 2117 1174 2198 respondent

396 2236 495 2323 ίξερῶ
515 2240 610 2323 μέγα,
633 2236 705 2304 οἷον
727 2236 766 2306 οὔ
788 2262 863 2305 τινα
890 2243 995 2325 Τροία
1018 2240 1167 2326 στρατοῦ.

295 2365 392 2446 Atque
423 2367 554 2447 primum
587 2366 708 2448 quidem
741 2368 848 2430 borum
882 2368 1098 2432 versiculorum
1133 2375 1261 2431 metrum
1298 2365 1436 2449 tripudiis

296 2465 452 2528 trochaicis
474 2466 651 2530 catalecticis
680 2475 819 2530 constare
846 2475 977 2548 apparet.
1022 2469 1086 2542 Qua
1109 2467 1227 2531 catalexi
1249 2466 1347 2528 hiatus
1370 2481 1436 2526 ver-

296 2560 405 2626 borum
426 2563 510 2646 μέγα
524 2573 555 2628 et
569 2561 643 2629 οἷον
656 2565 829 2629 admittitur.
868 2567 1062 2630 destituenda
1076 2567 1235 2648 estigitur,
1258 2573 1292 2630 ut
1306 2574 1437 2628 metrum

296 2663 446 2737 restituas,
474 2683 564 2745 quam
585 2684 640 2747 pro
667 2667 771 2749 Τροία
799 2667 957 2748 proposuit
979 2667 1012 2730 G.
1035 2666 1187 2730 Hermann
1216 2671 1311 2729 forma
1334 2665 1436 2727 Dorica

302 2763 425 2846 Τρωία,
453 2782 530 2846 quac
551 2765 664 2846 optime
686 2766 840 2828 conveniat
862 2767 985 2830 carmini
1011 2766 1126 2828 melico.
1169 2765 1235 2838 Quo
1257 2765 1369 2825 lactum
1393 2766 1437 2823 est

297 2870 331 2924 ut
362 2862 443 2924 inter
473 2881 507 2924 se
538 2864 737 2944 respondeant
764 2866 898 2930 versiculi
931 2864 1057 2929 extremi
1088 2864 1200 2943 Τροία
1233 2860 1374 2945 στρατοῦ
1407 2867 1437 2922 et

297 2956 408 3024 τοῖσδ’
430 2956 516 3043 c‘poii
538 2960 641 3036 πέλας
664 2971 694 3027 et
715 2966 803 3046 primi
825 2963 923 3048 ἐξερῶ
945 2956 1029 3047 μέγα
1050 2969 1080 3022 et
1102 2959 1133 3022 el
1154 2956 1196 3022 τὰ
1221 2956 1283 3042 μὲν
1305 2960 1436 3044 φθίνει.

297 3061 398 3142 ltaque
425 3069 520 3124 restat
548 3063 630 3125 selus
657 3065 777 3146 pluralis
799 3062 908 3148 φίλοι,
936 3062 987 3143 qui
1007 3061 1185 3142 respondeat
1211 3061 1268 3123 toti
1294 3059 1437 3124 versiculo

299 3155 431 3224 oleveti
455 3180 543 3236 τινα,
576 3161 657 3242 quod
689 3165 754 3226 lieri
786 3163 897 3245 nequit
942 3160 1147 3240 Requiruntur
1179 3159 1278 3242 igitur,
1310 3160 1337 3222 si
1363 3176 1436 3223 con-

298 3259 421 3322 cesseris
454 3268 488 3323 ut
520 3258 615 3342 φίλοι
643 3263 815 3344 pronomini
841 3255 916 3324 τινά
938 3259 1103 3333 conveniat
1127 3267 1188 3323 tres
1211 3258 1337 3340 syllabae
1358 3265 1437 3321 tem-

297 3375 405 3438 porum
427 3359 568 3442 quinque,
590 3379 667 3442 quae
688 3361 849 3442 explendae
871 3367 951 3423 sunt.
984 3359 1082 3439 Atque
1104 3377 1199 3440 quum
1221 3358 1436 3422 sententiarum

297 3476 441 3521 conexum
463 3478 552 3541 quem
575 3477 664 3541 supra
685 3459 882 3540 exposuimus.
897 3457 1074 3539 respexeris,
1096 3455 1246 3522 Lobeclxio
1264 3465 1293 3520 et
1307 3457 1436 3521 Naucbic

297 3564 327 3620 et
341 3559 366 3619 l.
383 3558 419 3620 ll.
436 3558 600 3622 Schmidtio
615 3558 776 3622 assentiare
798 3564 917 3638 oportet
931 3558 1049 3621 Aiacem
1072 3557 1103 3620 in
1126 3558 1206 3621 hunc
1228 3557 1291 3621 fere
1313 3558 1436 3620 modum

296 3657 541 3722 lamentationem
564 3659 770 3722 continuasse:
793 3656 835 3718 ‘si
857 3657 975 3740 quidem
1000 3657 1092 3738 gloria
1114 3676 1214 3721 rerum
1237 3677 1253 3720 a
1277 3677 1324 3720 me
1340 3665 1436 3738 gesta-

297 3773 364 3819 rum
385 3757 498 3822 interiit
519 3761 574 3822 bac
595 3757 684 3820 caedo
705 3754 862 3836 pecudum,
891 3757 1013 3820 stultam
1040 3763 1139 3820 autem
1166 3757 1308 3838 praedam
1330 3755 1386 3818 leci
1407 3760 1438 3815 et

297 3855 361 3918 eius
391 3858 434 3919 rei
466 3857 607 3920 exercitui
635 3856 814 3919 Graecorum
849 3874 922 3920 nece
948 3875 1016 3920 mea
1043 3876 1153 3940 poenas
1187 3857 1311 3918 daturus
1344 3851 1436 3916 sum’·.

297 3954 357 4018 Sed
389 3957 469 4036 quod
502 3957 589 4028 τίσις
618 3973 672 4035 pro
699 3950 810 4018 τοῖσδ’
833 3955 950 4018 Lobeclr
971 3956 1135 4039 corrigebat
1157 3963 1187 4018 et
1215 3949 1322 4035 δόμου
1343 3951 1437 4025 κλέος

296 4054 453 4135 explebant
475 4073 517 4115 vv.
541 4054 601 4129 dd.‚
629 4072 705 4136 quos
728 4055 860 4118 seeundo
890 4055 955 4118 loco
977 4052 1219 4127 commemorari,
1248 4050 1438 4114 vehementer
1466 4045 1469 4052 ’

296 4154 447 4216 falluntur.
490 4153 542 4214 llle
563 4154 645 4216 enim
666 4153 813 4217 ultionem
830 4156 899 4218 loco
920 4155 1016 4218 alieno
1038 4153 1177 4226 inseruit,
1199 4169 1274 4232 quae
1296 4151 1437 4214 extremis

297 4252 417 4314 demum
440 4252 581 4332 strophae
602 4252 697 4316 verbis
721 4254 872 4335 aptissime
894 4254 1076 4318 describitur·
1099 4261 1128 4314 et
1155 4251 1189 4315 hi
1211 4249 1308 4313 verbis
1330 4246 1436 4331 δόμου

296 4337 388 4422 κλέος
410 4351 531 4431 expletis
554 4352 641 4414 metri
662 4353 808 4417 rationem
831 4353 1037 4417 turbaverunt.
1074 4353 1128 4416 Sin
1147 4370 1215 4414 vero
1232 4350 1326 4414 Aiacis
1349 4349 1436 4410 verba

296 4437 371 4510 οὐδ’
406 4446 502 4532 ἔργα
533 4452 615 4532 μείω
645 4449 754 4534 χειρὸς
782 4448 921 4537 ἀρκέσας
949 4449 1027 4536 ἐμῆς
1050 4471 1074 4514 v.
1092 4451 1156 4514 439
1183 4459 1214 4514 et
1242 4450 1324 4512 ebori
1346 4445 1434 4510 verba

295 4546 382 4627 plane
404 4550 513 4612 nostris
536 4551 619 4633 quasi
641 4551 777 4633 parallela
803 4551 846 4614 τὰ
872 4551 953 4635 πρὶν
975 4547 1006 4613 d'
1031 4549 1127 4636 ἔργα
1147 4557 1260 4632 χεροῖν
1280 4549 1436 4630 μεγίστας
