3248 5142
659 413 880 475 ...17-

284 588 458 652 Emendatis
475 582 577 665 'qude
610 588 742 670 μίμνων
774 595 804 650 οι
837 588 980 668 explicato
1013 581 1200 668 ἆνήριθμος
1232 594 1344 650 restant

199 689 288 751 verba
310 683 472 769 λειμωνία
494 688 580 764 ποίᾳ
606 682 728 769 μήλων.
771 688 869 769 Atque
891 686 1059 766 diligentius
1085 685 1131 748 his
1154 687 1251 750 verbis
1274 687 1343 767 quid

200 788 256 852 sibi
278 787 369 850 velint
391 785 544 868 perpensis
567 793 697 848 statuere
716 786 991 848 commodissimum
1012 784 1128 848 videtur
1148 793 1200 848 aut
1222 803 1255 848 ea
1278 805 1344 848 esse

200 889 354 967 glossema,
376 905 452 969 quac
467 887 619 966 antiq'uam
641 885 799 948 lectionem
822 884 1032 967 explicaverint
1053 885 1155 946 —ita
1178 885 1259 947 enim
1281 902 1343 950 uon

200 985 361 1048 abhorrent
383 1003 398 1046 a
421 984 480 1048 loci
500 984 648 1047 sententia
662 1017 705 1028 —-·
719 992 770 1046 aut
790 985 855 1065 ipsa
878 1002 1057 1065 quamquam
1077 983 1210 1064 paullum
1233 991 1345 1048 mutata

200 1085 289 1151 verba
309 1093 423 1167 poetae.
467 1086 541 1148 Nam
564 1083 702 1147 vocabula
725 1084 824 1148 addita
847 1084 883 1146 ad
906 1103 1018 1148 nomen
1039 1083 1168 1165 aliquod,
1190 1103 1265 1164 quae
1287 1100 1344 1146 nos

200 1185 329 1268 epitheta
363 1185 501 1248 ornantia
534 1183 676 1257 dicimus,
708 1184 727 1244 i.
751 1203 776 1246 c.
800 1182 939 1246 vocabula
965 1182 1085 1265 propria
1113 1190 1142 1245 et
1164 1191 1344 1265 perpetuae

199 1301 300 1346 rerum
322 1291 427 1346 natura
446 1284 545 1364 petita,
569 1282 698 1346 adhibita
721 1291 753 1344 ut
774 1301 821 1344 res
836 1281 945 1363 quihus
967 1290 1158 1362 apponuntur
1180 1281 1345 1344 evidentius

199 1391 287 1464 atque
310 1382 477 1464 expressius
499 1382 597 1444 auimo
624 1381 792 1444 obiciantur
813 1399 907 1462 quum
932 1381 1061 1445 sciamus
1083 1381 1221 1462 antiquos
1243 1371 1345 1461 poetas

199 1483 240 1546 ihi
262 1501 380 1562 quoque
402 1498 464 1544 non
485 1501 550 1544 esse
573 1488 761 1562 aspernatos,
784 1481 834 1544 ubi
857 1481 1038 1544 recentiores
1059 1480 1228 1561 politiorem
1250 1479 1346 1560 pulcri

200 1581 376 1662 venustique
403 1599 525 1644 sensum
552 1579 654 1644 nancti
680 1580 718 1643 iis
746 1597 807 1642 non
836 1587 976 1656 mamm,
1005 1580 1090 1642 lacilc
1118 1579 1291 1642 adducimur
1313 1586 1345 1640 ut

200 1679 273 1743 lraec
295 1680 382 1743 verba
404 1679 449 1742 vel
473 1681 576 1742 eadem
602 1678 795 1758 significantia
819 1699 835 1740 e
858 1697 940 1740 more
963 1677 1084 1759 antiquo
1108 1677 1235 1741 ornandi
1258 1695 1346 1740 causa

200 1779 316 1844 nomini
332 1773 437 1857 Ἰδᾷδο
459 1779 598 1844 adiuncta
622 1798 686 1842 esse
708 1779 872 1842 credamus.
919 1779 976 1842 Sed
999 1778 1198 1856 glossematis,
1228 1786 1260 1840 ut
1281 1776 1345 1858 ple-

200 1897 329 1961 rumque
350 1879 413 1942 eius
436 1877 512 1940 ratio
535 1886 581 1942 cst
603 1877 692 1940 dubia
715 1878 800 1941 etad
824 1877 911 1940 verba
931 1884 1138 1962 poetaecerto
1160 1875 1345 1940 restituenda

199 1995 304 2059 parum
337 1979 422 2051 valet,
456 1977 512 2050 hic,
546 1996 638 2056 quum
666 1977 764 2052 unius,
798 1995 875 2058 quae
903 1976 1054 2059 sequentis
1087 1976 1181 2058 ligura
1204 1979 1242 2038 11
1262 1974 1346 2038 laaile

200 2075 398 2156 praetermitti
419 2077 525 2156 potuit,
542 2075 707 2158 litterulae
741 2075 786 2138 vel
817 2076 942 2139 lineolae
964 2076 1172 2157 supplemento
1195 2071 1345 2155 corruptio

199 2175 264 2237 tolli
285 2175 394 2255 possit,
424 2175 512 2254 plane
533 2173 631 2234 nullus
654 2175 770 2236 videtur
792 2193 855 2236 esse
877 2175 967 2236 locus.
1012 2173 1085 2236 Nam
1109 2173 1200 2237 dativi
1221 2173 1271 2256 qui
1293 2191 1345 2236 re·

200 2273 329 2356 quiritur
354 2273 449 2338 forma
475 2269 638 2353 λωμωνίᾳ
666 2272 785 2352 quidem
813 2280 908 2335 metro
934 2279 1093 2352 repugnat,
1123 2273 1174 2336 sed
1202 2271 1282 2352 quod
1309 2291 1345 2333 ex

200 2375 305 2436 eodem
321 2379 367 2434 est
382 2371 547 2434 derivatum
564 2371 684 2436 nomine
699 2366 824 2454 λειμών
838 2371 1013 2434 adiectivum
1036 2363 1225 2453 λειμωνίς
1247 2370 1343 2432 dativo

198 2471 330 2553 positum
354 2471 466 2552 optime
489 2470 639 2534 convenit.
676 2467 772 2551 Atque
787 2469 844 2532 hoc
865 2489 934 2532 cum
956 2469 1020 2550 ipso
1043 2471 1125 2554 ποίη
1149 2469 1343 2550 compositum

199 2571 325 2634 Nonnus
352 2579 382 2634 et
404 2570 560 2651 dionysius
582 2569 748 2650 Perlegetes
778 2577 959 2652 usurparunt
981 2569 1207 2651 haudquaquam
1231 2569 1267 2631 de
1289 2588 1344 2631 suo

199 2687 303 2734 rerum
337 2677 481 2751 mantum
514 2669 680 2732 coniectare
712 2668 780 2732 licet
812 2676 924 2732 veteres
957 2669 1052 2732 secuti
1083 2677 1195 2750 poetas.
1241 2668 1344 2750 Neque

198 2771 273 2833 llud.
289 2769 471 2832 Schneidero
493 2768 640 2832 assentior
662 2769 718 2830 hoc
740 2768 916 2832 adiectivum
938 2768 988 2831 hic
1008 2777 1111 2849 aptum
1134 2787 1200 2830 esse
1224 2767 1344 2845 neganti

197 2869 229 2932 in
251 2869 347 2934 annal.
370 2867 462 2930 schol.
478 2867 575 2930 Bercl.
593 2886 622 2928 n.
638 2886 663 2929 s.
682 2866 762 2930 1878
778 2887 807 2947 p.
827 2866 897 2942 122,
928 2867 1008 2948 quod
1034 2867 1066 2928 in
1092 2865 1224 2946 gramine
1252 2865 1343 2928 floreo

198 2967 292 3030 iacere
314 2966 425 3030 malum
448 2983 509 3028 non
531 2966 578 3030 sit.
622 2965 697 3028 Nam
719 2982 781 3028 nou
803 2967 899 3028 solum
921 2959 1077 3046 desponde
1100 2967 1182 3046 ποίη
1205 2964 1345 3042 leguntur

198 3067 252 3130 sed
273 3053 429 3149 λειμωνὶς
451 3059 532 3146 ποίη
561 3060 691 3147 μήλων,
720 3083 796 3145 quac
825 3064 913 3126 verbe
942 3063 1013 3144 quiu
1035 3072 1173 3144 pratense
1194 3063 1343 3145 pecudum

198 3184 342 3246 pascuum
365 3163 532 3244 significent
553 3163 618 3244 quis
642 3159 781 3225 dubitati
824 3162 927 3242 Neque
955 3181 986 3224 se
1012 3161 1044 3225 in
1074 3181 1185 3242 pascuo
1213 3161 1343 3242 pratensi

196 3264 292 3328 iacere
314 3263 450 3345 queritur
472 3263 591 3336 chorus,
612 3261 664 3325 sed
685 3261 718 3324 in
740 3269 820 3324 terra
842 3261 936 3336 lucca,
958 3261 977 3322 i.
994 3281 1021 3324 e.
1045 3278 1106 3324 non
1128 3261 1159 3324 in
1186 3260 1343 3324 Salaminia

196 3363 302 3436 insula,
325 3381 412 3444 quam
435 3361 534 3443 paullo
557 3369 626 3424 aute
656 3359 862 3424 celebraverat.
906 3359 1098 3424 Attributioni
1121 3369 1218 3424 terrae
1239 3360 1276 3422 cf.
1299 3360 1341 3422 El.

196 3481 223 3524 r.
242 3461 311 3534 181,
333 3459 498 3543 βούνομον
519 3453 623 3524 ἀκτὰν
640 3461 779 3541 uernae.
815 3459 919 3541 Itaque
939 3477 1058 3523 versum
1073 3460 1262 3542 desperatum
1283 3458 1343 3521 iam

199 3559 273 3624 mihi
294 3559 607 3639 expedivisse'videor.
652 3559 754 3622 Verbis
776 3559 857 3622 enim

294 3651 398 3736 ’qu'cdr
421 3657 551 3739 μίμνων
572 3653 762 3738 λεομωνίδι
785 3658 871 3734 ποίᾳ
893 3653 1007 3740 μήλων

198 3764 229 3819 οι
249 3763 381 3818 metrum
410 3761 555 3835 quantum
581 3754 653 3816 satis
681 3763 711 3816 et
738 3755 884 3818 sententia
910 3773 978 3818 vere
1005 3761 1050 3817 est
1076 3753 1223 3816 restituta.
1267 3753 1342 3816 Nam

198 3855 306 3920 chorus
328 3854 400 3916 haec
422 3852 616 3914 lamentatur:
649 3852 768 3934 ‘infelice
790 3870 839 3934 eqo
860 3858 918 3916 iem
941 3855 992 3916 diu
1012 3857 1043 3916 io
1065 3863 1144 3914 terra
1165 3851 1254 3916 Idaeo
1272 3872 1342 3936 per·

197 3972 317 4018 maneos
335 3953 467 4034 metensi
484 3950 627 4031 pecodum
647 3969 762 4032 pascuo,
785 3952 803 4014 i.
827 3971 853 4014 e.
875 3953 908 4014 in
929 3951 1020 4033 pratis
1042 3960 1137 4014 terrae
1158 3951 1268 4026 Idaeae,
1291 3951 1342 4015 ubi

197 4053 325 4134 pecudes
347 4060 512 4132 pascuntur
533 4051 580 4113 rel
601 4049 808 4131 pascebantur,
831 4054 863 4112 ic
884 4051 965 4114 οωίίο
979 4069 1099 4114 numero
1120 4051 1233 4114 deditos
1254 4070 1342 4134 aeque

198 4153 311 4215 ommido
333 4163 456 4232 tempore
478 4152 562 4212 tritus
584 4169 618 4212 uc
638 4150 747 4214 mnam
767 4149 874 4212 debens
896 4169 972 4232 opem
992 4151 1057 4232 [ονο
1078 4159 1112 4212 οι
1133 4150 1289 4234 aliquando
1310 4154 1342 4214 io

198 4251 306 4314 Οτοοοι
337 4252 501 4330 pervectum
533 4253 642 4312 tra‘etem
674 4261 700 4314 et
731 4248 977 4312 odomiauodum'.
1023 4249 1171 4331 syllabam
1204 4249 1341 4330 Glyconei

197 4349 409 4432 paenultimam
431 4349 548 4428 longam
572 4357 602 4410 et
624 4368 698 4431 quae
725 4350 808 4413 breui
834 4349 866 4411 in
893 4340 1057 4428 οίοβοίτας
1079 4349 1258 4430 respondeat
1279 4366 1341 4411 uon

197 4459 242 4515 est
264 4448 345 4530 quod
367 4447 482 4528 plenius
504 4447 670 4510 defendam.
715 4448 790 4510 Nam
814 4457 844 4511 et
865 4449 896 4510 iu
919 4447 1062 4510 dochmiis
1089 4456 1119 4510 et
1145 4448 1177 4510 iu
1200 4466 1340 4511 versuum

196 4549 416 4630 glyconicorum
438 4547 603 4626 systematis
625 4549 732 4629 pedem
755 4566 844 4630 quem
867 4556 973 4611 vocant
1002 4547 1204 4628 irrationalem
1227 4548 1340 4612 admis-

250 4646 405 4698 Mueller,
419 4645 559 4703 Sophocles.
629 4698 631 4702 ,
1163 4649 1180 4701 2
