3248 5142
667 405 882 468 -77..

202 580 347 652 sidens,
376 599 616 642 commorans.
663 582 741 644 Nihil
769 583 847 644 aliud
877 583 966 660 igitur
996 584 1104 644 chorus
1132 591 1216 660 rogat
1239 601 1345 662 quam:

202 680 264 740 ‘dio
289 679 363 742 molti
386 697 458 760 ραοο
483 680 546 742 loeo
566 691 658 742 teneat
679 679 834 744 Philocteta
854 681 874 741 i.
896 703 922 742 e.
946 682 996 743 ubi
1016 680 1171 742 versetur’.
1210 682 1247 741 dt
1274 689 1347 742 tune

201 795 282 838 mera
305 778 370 839 loeo
392 778 553 857 tautologia
576 778 661 842 inest
700 779 757 840 Sed
774 781 876 840 eadem
901 781 982 841 chori
1006 780 1103 840 verbis
1119 779 1246 858 graviter
1262 779 1348 858 llagi-

202 875 290 938 tantis
313 878 390 938 inest
411 877 469 938 OC.
486 895 529 937 vv.
547 875 665 957 234sq.

301 987 342 1050 οὐ
365 986 402 1049 δὲ
423 984 522 1050 τῶνδ’
546 982 695 1069 ἑδράνων
717 986 821 1052 πάλιν
844 988 983 1062 ἔκτοπος

302 1081 405 1160 αὖθις
427 1084 578 1171 ἄφορμος
600 1086 680 1167 ἐμᾶς
702 1084 828 1167 χθονὸς
850 1086 979 1168 ἔκθορε,

202 1207 231 1260 et
253 1199 433 1261 Philoctetae
455 1201 563 1279 gaudio
586 1200 758 1262 exsultantis
782 1219 826 1261 vv.
843 1199 905 1262 236
918 1220 964 1280 sq.

199 1351 202 1355 -
300 1314 351 1385 τίς
374 1307 422 1387 σ’,
445 1305 470 1374 ὦ
492 1314 616 1386 τέκνον,
641 1313 817 1395 προσέσχε,
840 1313 890 1385 τίς
912 1307 1102 1395 προσήγαγε

300 1415 394 1490 χρεία
401 1439 412 1490 ,·
436 1415 485 1485 τίς
508 1407 611 1494 ὁρμὴ,
639 1405 687 1484 τίς
710 1406 841 1493 ἀνέμων
863 1407 882 1474 o‘
905 1409 1064 1493 φίλτατος
1071 1437 1082 1486 ,·

201 1524 246 1584 Αἰ.
271 1542 296 1584 v.
312 1525 374 1584 270

302 1633 373 1708 πῶς
395 1628 483 1698 τοῦτ’
509 1632 636 1707 ἔλεξας·
660 1628 699 1696 orl
722 1625 855 1696 κάτοιδ’
878 1627 971 1705 ὅπως
993 1628 1115 1710 λέγεις,

201 1746 302 1826 Eurip.
324 1751 426 1826 lragm.
452 1747 529 1827 apud
553 1746 692 1808 Clement
717 1745 797 1806 Alex.
822 1745 934 1807 Strom.
950 1745 987 1806 Vl
1004 1765 1033 1824 p.
1049 1743 1127 1806 742:

299 1873 404 1934 ποίαν
426 1886 463 1932 σε
486 1871 601 1952 φῶμεν
622 1869 722 1948 γαῖαν
743 1862 965 1932 ἐκλελοιπότα

300 1966 399 2033 πόλει
424 1968 605 2041 ξενοῦσθαι
628 1965 725 2053 τῇδε,
751 1971 802 2041 τίς
824 1966 954 2050 πάτρας
977 1961 1067 2050 ὄρος,·

299 2071 350 2141 τίς
372 2063 451 2130 ἔσθ’
474 2063 494 2130 ὁ
517 2065 640 2149 φύσας,
677 2066 736 2128 τοῦ
759 2063 931 2149 κεκήροξαι
954 2061 1097 2148 πατρός,

200 2192 275 2252 ltem
305 2192 393 2274 igitur
423 2193 469 2256 his
499 2195 530 2253 in
561 2192 693 2253 versibus
724 2192 871 2253 cumulata
901 2191 987 2253 verba
1011 2210 1174 2270 synonyma
1203 2197 1344 2269 urgentes

200 2289 282 2354 chori
304 2309 406 2372 preces
430 2292 608 2375 exprimunt
654 2290 740 2351 Hune
762 2309 850 2370 quem
878 2291 1018 2369 explicavi
1041 2307 1165 2350 sensum
1188 2307 1256 2350 eum
1280 2309 1345 2350 esse

201 2408 289 2468 quem
312 2398 397 2469 poeta
422 2391 533 2452 dietum
557 2388 691 2459 voluerit,
714 2389 855 2452 evincunt
878 2388 965 2450 verba
989 2406 1063 2468 quae
1078 2394 1245 2466 sequuntur

601 2499 639 2564 vd
661 2496 723 2584 γάρ
746 2521 805 2583 μοι

299 2601 428 2680 patienta
450 2595 509 2663 οὐκ
530 2595 741 2683 ἀποκαίριον,

271 2765 274 2772 r
298 2696 343 2780 μὴ
365 2697 567 2784 προσπεσών
588 2723 630 2782 με
652 2696 743 2782 λάθῃ
768 2700 889 2762 ποθέν.

198 2822 313 2895 Quibus
329 2843 422 2904 quum
439 2843 500 2888 non
512 2826 649 2907 protinus
660 2825 850 2905 responderit
862 2824 1085 2903 Neoptolemus,
1102 2825 1211 2886 chorus
1226 2824 1344 2886 instans

197 2921 331 3003 adiungit

298 3036 348 3106 τίς
370 3032 475 3108 τόπος
496 3031 516 3117 ἢ
537 3036 589 3108 τίς
612 3032 704 3116 ἕδρα,
727 3028 793 3096 τίν’
817 3031 883 3111 ἔχει
907 3026 1024 3114 στίβον

298 3116 437 3182 ἔναυλον
458 3116 478 3203 ἢ
500 3121 663 3201 θυραῖον,

197 3241 278 3303 llaec
304 3243 394 3324 igitur
420 3261 506 3306 eausa
536 3253 598 3314 est,
634 3263 726 3325 quare
760 3245 869 3306 chorus
898 3243 1127 3323 Neoptolemum
1161 3252 1260 3322 roget,
1294 3243 1344 3304 ulti

197 3351 332 3408 versetur
354 3344 526 3416 Philocteta,
549 3362 587 3405 ne
610 3343 791 3424 necopinans
814 3342 851 3403 ab
874 3359 908 3403 eo
925 3343 1119 3423 opprimatur.
1157 3341 1234 3404 Hine
1252 3343 1345 3422 liquet

198 3442 383 3521 ineptissime
404 3445 530 3506 ehorum
553 3461 668 3524 rogare,
704 3443 754 3505 uhi
777 3443 816 3504 sit
838 3441 990 3514 habitatio,
1019 3443 1079 3504 imo
1103 3461 1171 3504 vero
1194 3443 1219 3504 si
1243 3443 1344 3522 utique

197 3533 302 3611 αὐλάς
335 3539 371 3600 ad
404 3539 480 3601 haue
512 3541 625 3603 referre
653 3541 751 3613 velles,
783 3541 810 3602 ei
832 3540 997 3620 rogandum
1021 3540 1123 3610 luisse,
1158 3559 1231 3602 num
1266 3552 1345 3603 esset

197 3637 277 3699 domi
301 3637 472 3699 Philocteta.
517 3639 602 3710 Quod
626 3659 642 3700 e
663 3639 761 3700 verbis
790 3638 908 3700 traditis
942 3638 1001 3699 ullo
1035 3639 1124 3700 modo
1157 3639 1222 3700 elici
1255 3659 1344 3719 posse

198 3755 285 3816 nego.
338 3735 421 3808 Quae
453 3735 558 3797 etiam·
577 3737 756 3798 oontirmaut
789 3745 920 3798 extrema
960 3737 1025 3798 eius
1058 3737 1145 3798 verba
1179 3733 1245 3798 elv’
1276 3735 1343 3815 ἔχει

198 3838 324 3918 στίβον,
350 3832 490 3897 ἔναυλον
513 3831 535 3918 ἢ
559 3836 722 3917 θυραῖον,
756 3837 823 3912 Quo
850 3852 938 3897 versu
961 3851 1054 3916 quum
1077 3836 1213 3917 θυραίῳ
1234 3835 1297 3898 lere
1318 3837 1343 3897 is

187 3943 378 4014 opponatur,
400 3934 452 4015 qui
473 3933 512 3994 sit
533 3933 624 4005 intus,
650 3934 806 3995 manifesto
829 3935 938 3996 chorus
962 3941 1061 4013 rogat:
1086 3942 1182 3996 ‘estne
1206 3939 1284 3996 intas
1304 3953 1345 3996 αα

196 4031 296 4108 faris'.
340 4035 500 4114 Postquam
528 4032 620 4111 igitur
646 4033 742 4112 primo
771 4033 944 4094 summatim
979 4032 1102 4112 rogavit,
1131 4030 1181 4094 ubi
1208 4041 1344 4095 versetur

199 4131 371 4203 Philocteta,
394 4131 501 4193 deinde
522 4129 686 4206 distinguit,
710 4125 810 4193 utrum
833 4131 872 4191 sit
893 4132 976 4192 intus
998 4147 1038 4192 an
1060 4129 1142 4204 toris.

283 4232 366 4304 Quae
401 4230 426 4291 si
458 4239 541 4292 recta
577 4231 724 4310 disputata
759 4237 844 4301 sunt,
877 4230 979 4309 inepte
1013 4229 1224 4309 Neoptolemus
1257 4230 1343 4310 quasi

197 4329 347 4393 haesitans
368 4335 457 4407 atque
480 4329 603 4391 chorum
628 4347 689 4390 non
712 4327 829 4392 novisse
852 4328 1086 4404 Philoojtaeum
1109 4335 1239 4400 antrum,
1263 4330 1342 4408 quod

197 4449 242 4491 vv.
260 4427 322 4489 144
333 4445 378 4507 sq.
406 4427 667 4499 demonstraverat,
696 4427 834 4508 opinatus
862 4427 1038 4507 respondet:
1073 4428 1202 4490 ‘domm
1231 4429 1343 4508 paridem

196 4528 299 4598 oides',
320 4533 399 4588 certe
422 4523 517 4586 multo
539 4527 637 4607 aptius
660 4527 696 4589 ad
718 4527 797 4589 illius
820 4527 909 4590 verba
931 4525 1091 4606 flagitantia
