3248 5142
738 413 960 476 „22-

281 591 359 669 quod
394 589 535 651 audiverit
567 590 792 652 iucundissimo.
844 591 1007 654 Venturam
1042 597 1073 652 et
1105 589 1298 670 multipedem
1331 599 1418 671 atque

280 689 485 752 multimanam
508 688 636 762 Furiam,
659 708 752 768 quum
775 692 926 754 eontentio
948 691 979 753 in
1002 691 1149 772 eripiendo
1172 691 1286 753 incesto
1309 709 1417 753 conou-

280 789 342 851 bitu
364 807 416 851 eos
437 788 587 858 invaserit,
610 807 685 868 quos
708 788 790 851 uetes
813 791 861 852 sit.
906 791 1021 866 Quibus
1044 790 1167 853 canulis
1189 791 1334 871 pergitur:

381 886 447 971 πρὸ
469 885 572 950 τῶνδέ
592 890 645 950 toi
668 884 704 971 μ’
727 886 794 968 ἔχει

380 1021 420 1032 a
442 1021 485 1032 --
506 985 552 1070 μή
574 983 662 1050 ποθ’
685 983 764 1071 ἦμλν

379 1081 502 1166 ἀψεγὲς
525 1083 631 1148 πολᾶν
652 1088 747 1166 τέρας

380 1193 451 1258 τοῖς
473 1183 576 1269 δρῶσι
599 1183 655 1248 καὶ
677 1184 870 1268 συνδρῶσιν.

281 1298 376 1360 Locus
399 1306 432 1359 ut
453 1307 575 1378 apparet
596 1299 770 1379 scopulosus
787 1309 877 1380 atque
899 1297 1035 1361 difficilis.
1074 1291 1233 1371 Quaeritur
1256 1298 1336 1360 enim
1359 1299 1421 1379 pri-

282 1415 364 1459 mum
388 1405 506 1460 rectene
527 1419 559 1460 se
574 1398 700 1460 habeant
716 1397 781 1480 πρὸ
805 1396 908 1461 τῶνδε
923 1407 952 1460 et
969 1399 1046 1460 nude
1060 1399 1190 1479 positum
1214 1395 1293 1476 ἔχει,
1317 1397 1422 1460 deinde
1454 1415 1459 1426 ¹

282 1507 381 1559 utrum
405 1497 554 1577 scripserit
575 1505 660 1578 poeta
684 1489 763 1580 ἡμίν
785 1516 822 1558 an
845 1489 936 1576 ὑμίν,
959 1515 1032 1558 num
1057 1491 1192 1580 ἀψεγές,
1222 1495 1352 1577 denique
1372 1495 1422 1576 qui

283 1599 342 1660 siut
364 1592 397 1658 oi
419 1595 558 1678 δρῶντες
580 1595 636 1657 καὶ
659 1594 868 1679 σονδρῶντες.

367 1696 463 1776 Atque
478 1695 607 1776 primum
624 1696 743 1776 quidem
764 1696 843 1776 quod
865 1695 971 1774 attinet
992 1695 1027 1758 ad
1050 1695 1108 1754 rim
1132 1702 1162 1755 et
1182 1693 1423 1774 significationem

283 1793 493 1877 praepositioni
517 1792 582 1876 πρό
605 1795 747 1856 hocloco
776 1794 964 1856 tribuendam
989 1802 1111 1875 apparet
1135 1793 1258 1854 usitatas
1278 1792 1342 1854 illas
1366 1811 1423 1854 no-

283 1896 379 1957 tiones
401 1901 497 1963 ante‚
521 1910 609 1973 prae
631 1909 691 1954 uon
714 1893 873 1955 convenire
897 1911 964 1955 curn
987 1893 1131 1955 sententia
1155 1893 1320 1954 verborum.
1365 1892 1422 1954 Sed

285 1994 433 2074 reperitur
455 2011 470 2054 a
494 1993 521 2052 vi
544 1992 627 2054 locali
649 2001 682 2054 ut
704 1994 743 2054 ita
760 1993 854 2054 dicem
872 1992 1002 2054 derivata
1018 1993 1061 2053 vis
1077 1993 1221 2072 quaedam
1243 1991 1275 2053 in
1297 1993 1423 2054 formula

284 2090 455 2176 μάχεσθαι
478 2089 545 2174 πρό
566 2112 655 2165 τινος
678 2093 694 2153 i.
713 2111 739 2153 e.
754 2086 841 2174 ὑπέρ
863 2111 961 2165 τινος.
1001 2092 1074 2154 ilinc
1096 2092 1207 2154 dictum
1231 2101 1276 2154 est
1289 2091 1320 2152 ll.
1335 2091 1425 2152 xxiv

284 2213 311 2253 v.
325 2191 403 2253 734:
425 2183 584 2253 ἀθλεύων
605 2188 671 2272 πρὸ
693 2188 832 2264 ἄνακτος
854 2181 1030 2274 ἀμειλίχου
1052 2191 1312 2264 et0.u.v.134‚
1336 2209 1424 2273 quem

284 2300 352 2372 apte
374 2290 553 2370 comparavit
568 2288 707 2361 Meiueke,
730 2289 796 2372 πρὸ
819 2287 879 2353 τοῦ
901 2288 1064 2363 θανόντος
1085 2286 1176 2374 τήνδ’
1202 2286 1324 2355 ἔθεσθ’
1347 2289 1424 2352 ἐπι-

285 2385 569 2473 sinceritatem
588 2392 710 2470 modom
732 2393 847 2452 mortui.
885 2390 961 2451 Turn
978 2391 1082 2454 Trach.
1098 2409 1124 2451 v.
1142 2391 1202 2451 505
1226 2387 1292 2472 πρὸ
1314 2386 1426 2472 γάμων

285 2491 359 2554 nihil
381 2489 459 2552 aliud
482 2489 625 2568 siguificat
648 2507 736 2567 quam
759 2493 929 2570 nuptiarum
950 2509 1045 2561 correo,
1069 2498 1102 2552 ut
1121 2491 1308 2551 Hermanuus
1330 2490 1425 2551 inter-

285 2598 417 2670 pretatus
440 2596 492 2650 est.
538 2585 610 2648 Nam
633 2587 712 2649 viros
739 2589 872 2650 valentes
898 2597 967 2650 ante
990 2589 1125 2669 nuptias,
1156 2595 1189 2650 ut
1216 2587 1300 2650 reddi
1323 2589 1426 2649 volunt

286 2689 416 2761 Ellendt,
445 2687 504 2757 alii,
532 2687 567 2748 de
591 2688 723 2751 Deianira
746 2691 905 2751 certavisse
928 2697 1033 2770 sponte
1056 2688 1245 2766 intellegitur.
1290 2687 1338 2749 Sic
1360 2685 1425 2766 πρὸ

287 2783 409 2871 φόβοιο
432 2786 462 2847 ll.
480 2786 564 2855 xvir,
588 2807 613 2848 v.
631 2777 701 2854 ott.
724 2796 770 2850 est
793 2789 826 2850 ol
849 2792 987 2854 timorem,
1020 2791 1118 2848 timore
1141 2785 1263 2857 addocti,
1286 2788 1424 2861 eommoti.

286 2888 475 2964 Quinetiam
499 2881 667 2969 accipisne
682 2889 784 2950 eadem
800 2887 827 2948 ri
850 2907 908 2968 qua
931 2881 1003 2949 ἄντί
1027 2887 1140 2948 dietum
1163 2894 1218 2947 est.
1255 2885 1321 2946 Nou
1344 2884 1425 2946 enim

287 2990 370 3051 aliter
392 2987 481 3067 accipi
504 2993 603 3068 potest
625 2988 658 3048 0.
676 2988 706 3050 G.
723 3007 747 3048 v.
769 2986 848 3048 1524
1267 2977 1269 2982 ⁸

388 3093 430 3172 ὥς
453 3115 507 3161 σοι
530 3097 595 3180 πρὸ
618 3098 752 3162 πολλῶν
775 3095 931 3162 ἀσπίδων
953 3093 1052 3182 ἀλκὴν
1075 3091 1133 3161 ὅδε
1154 3096 1221 3160 κτλ.

287 3230 382 3308 Atque
406 3228 482 3288 hanc
503 3227 729 3308 praepositionis
753 3226 809 3288 viru
834 3227 985 3307 aptissime
1007 3227 1039 3286 in
1063 3227 1142 3287 hunc
1163 3227 1260 3287 locum
1284 3225 1428 3304 quadrare

288 3338 318 3388 et
349 3322 414 3404 πρὸ
443 3323 545 3387 τῶνδε
572 3344 641 3385 cum
669 3322 774 3386 πελᾶν
800 3327 895 3404 τέρας
923 3323 1130 3404 coniungenda
1160 3343 1224 3386 esse
1250 3332 1331 3386 recte
1356 3323 1429 3384 vidit

288 3425 396 3487 Nauck.
434 3422 506 3505 Πρὸ
529 3420 630 3486 τῶνδε
653 3426 732 3486 enim
755 3425 881 3485 refertur
901 3424 936 3484 ad
953 3441 994 3484 vv.
1012 3421 1135 3502 493sq.‚
1158 3431 1191 3484 ut
1206 3422 1245 3484 sit
1260 3417 1332 3485 cirri
1354 3419 1427 3484 τού-

287 3545 352 3586 των
373 3515 564 3605 μιαιφόνων
585 3519 707 3604 γάμων,
732 3514 776 3582 ὦν
799 3509 1012 3604 &pittinara
1028 3514 1146 3596 αὐτούς
1161 3541 1202 3584 so.
1221 3517 1428 3604 Κλυταιμνή-

292 3639 394 3705 στραν
416 3621 471 3683 καὶ
498 3623 685 3700 Αἴγισθον,
709 3618 822 3701 ἐπέβη.

374 3721 486 3783 lleinde
509 3721 544 3781 ad
569 3720 647 3782 nude
672 3719 799 3798 positum
831 3715 896 3799 ἔχει
924 3741 966 3801 με
992 3718 1177 3800 significans:
1205 3728 1286 3784 tenet
1313 3741 1360 3782 me
1387 3739 1427 3782 sc.

289 3821 434 3882 sententia
473 3839 547 3900 quae
582 3817 735 3896 sequitur,
777 3819 922 3879 tuendum
960 3837 1021 3881 non
1058 3820 1166 3882 desunt
1209 3819 1428 3881 similitudines.

289 3919 400 3980 Eadem
424 3919 502 3980 enim
525 3917 640 3978 ratione
662 3917 827 3996 praedicata
852 3927 922 3980 sunt
950 3917 1039 3980 verba
1069 3917 1300 4000 εἰσέρχεσθον,
1329 3915 1428 4002 ἐπέρ-

289 4020 427 4099 χεσθαι,
451 4017 696 4096 παρίστασθαι,
722 4018 759 4078 cl.
774 4018 879 4078 desch.
897 4017 996 4079 Prom.
1012 4037 1056 4078 vv.
1075 4017 1207 4098 1002sq.

396 4126 576 4192 εἰσελθέτω
599 4143 637 4190 σε
658 4123 781 4212 μήποτ’
805 4125 849 4202 ὠς
871 4127 933 4207 ἐγώ
958 4127 1040 4205 Διὸς

389 4224 521 4310 γνώμην
544 4227 708 4311 φοβηθεὶς
731 4221 896 4312 θηλύνους
917 4221 1109 4310 γενήσομαι.

290 4342 423 4422 Euripid.
439 4340 523 4402 Hero.
539 4342 598 4403 lur.
614 4361 659 4402 vv.
677 4341 738 4404 302
747 4362 791 4423 sq.

391 4449 453 4536 ἤδη
476 4448 508 4516 d'
532 4452 657 4538 ἐσῆλθέ
677 4450 716 4536 μ’
739 4453 770 4517 ei
792 4453 1091 4537 παραιτησαίμεθα

392 4549 499 4636 φυγὰς
518 4555 639 4616 τέκνων
660 4547 768 4616 τῶνδ’.
