3248 5142
714 395 929 458 ..54-

256 571 374 632 eoadem
401 587 463 633 non
490 589 580 634 ausus
608 579 668 643 est,
697 571 775 649 quod
803 571 835 632 in
865 571 1023 650 archetypo
1045 567 1083 630 δέ
1105 571 1191 649 plene
1214 571 1392 650 exscriptum

256 670 418 740 invenerat,
441 669 540 749 itaque
561 669 774 748 apostrophum
791 669 931 748 appinxit.
972 664 1046 731 Ms‘v
1068 687 1084 728 a
1107 687 1196 730 manu
1219 677 1278 730 ant.
1300 669 1400 729 inscr-

257 775 321 828 tum
345 786 405 829 non
428 766 517 828 habes
540 768 619 847 quod
652 786 720 828 curn
743 766 872 829 Nauplio
895 767 991 828 eicias.
1038 766 1110 827 Nam
1135 783 1240 828 manus
1262 767 1401 846 antiquae

256 865 323 927 libri
345 865 384 926 La
406 866 530 945 syllabas
545 872 596 927 aut
610 865 728 927 voculas
745 866 878 936 omissas,
900 867 952 926 sed
967 865 1146 926 necessarias
1168 875 1198 926 et
1220 883 1296 945 quae
1318 866 1401 927 facile

258 984 293 1028 au
314 973 396 1029 certo
420 964 550 1044 suppleri
570 973 694 1045 possent
715 963 902 1037 addiderunt,
924 964 962 1028 cl.
978 963 1105 1027 Dindort
1117 965 1148 1026 in
1163 964 1233 1025 edit.
1248 964 1347 1026 Oion.
1362 963 1402 1026 lll

125 1117 129 1126 .
258 1064 295 1126 ad
318 1063 379 1127 ult.
395 1082 438 1124 vv.
457 1063 526 1126 166.
553 1061 936 1126 252.349.1171.1330.
970 1063 1038 1124 bnt.
1062 1083 1087 1123 ι.
1108 1063 1180 1124 507.
1212 1061 1257 1124 Αἰ.
1278 1083 1305 1123 v.
1330 1062 1402 1124 726.

260 1163 304 1224 El.
321 1181 345 1222 v.
367 1160 457 1225 1262.

343 1260 491 1340 Principio
514 1261 603 1338 igitur
625 1259 769 1340 scriptum
791 1258 888 1322 iuuat
910 1259 941 1320 in
965 1259 1004 1320 La

360 1372 427 1450 εἶχε
449 1367 481 1433 δ’
503 1367 603 1434 ἄλλαι
625 1369 668 1433 τὰ
690 1368 728 1434 δέ
749 1366 835 1432 ἄλλα
857 1368 899 1431 τὰ
919 1367 951 1431 δ’
974 1361 1031 1432 ἐπ’
1054 1368 1168 1443 ἄλλοις
1189 1405 1230 1415 -

259 1498 366 1560 lienus
388 1497 508 1577 antiqua
531 1497 613 1577 prius
636 1494 675 1557 δέ
695 1496 794 1574 erasit,
818 1495 896 1575 quod
919 1496 953 1556 in
977 1497 1086 1577 duplici
1107 1494 1149 1556 τὰ
1170 1492 1209 1558 δέ
1230 1496 1353 1557 offendit
1375 1505 1404 1557 et

263 1598 324 1677 pta
344 1595 478 1664 inseruit,
502 1604 536 1657 ut
556 1593 598 1656 cei
619 1596 680 1678 μέν
701 1595 897 1676 responderet
910 1593 952 1656 τὰ
973 1593 1019 1656 δέ.
1057 1597 1095 1656 At
1117 1613 1172 1655 nos
1194 1595 1342 1674 posterius
1363 1593 1405 1656 cd

262 1714 330 1756 cum
345 1695 498 1756 Erfurdtio
521 1703 550 1756 et
572 1714 639 1757 eum
664 1696 716 1774 qui
739 1694 833 1758 secuti
856 1703 927 1756 sunt
949 1694 1092 1768 delemus,
1116 1702 1149 1756 ut
1170 1692 1251 1755 reida
1272 1695 1334 1775 μέν
1354 1712 1403 1755 re-

248 1793 408 1873 ·spondcat
430 1788 515 1856 ἄλλα
537 1792 585 1855 δέ.

345 1889 458 1963 Quibus
475 1892 615 1970 expositis
631 1899 764 1970 apparet,
786 1909 884 1970 spero.
905 1890 1057 1953 librarium
1078 1891 1128 1971 qui
1144 1890 1183 1952 la
1206 1891 1333 1952 exaravit
1350 1891 1405 1951 hoc

261 1991 334 2060 loeo,
354 1989 405 2050 ubi
420 1990 563 2069 scripturn
579 1989 611 2050 in
623 1990 781 2069 archetypo
800 1998 879 2051 esset
892 1988 1160 2052 sslXssAOY'l'bl
1167 1988 1403 2062 TAAeMeN,

261 2088 413 2150 aberrasse
434 2089 470 2150 ad
492 2107 526 2150 ea
549 2107 625 2167 quae
646 2095 842 2168 sequerentur
869 2089 980 2148 AAA
987 2095 1019 2148 A
1043 2097 1072 2148 et
1100 2087 1301 2162 AAAOIC,
1324 2087 1404 2168 quod

262 2205 352 2266 quam
372 2185 457 2248 lacile
480 2186 544 2249 fieri
559 2187 690 2265 potuerit
713 2195 742 2248 et
756 2205 846 2266 quam
863 2205 951 2266 saepe
972 2188 1082 2249 laetum
1105 2187 1143 2248 sit
1165 2186 1201 2248 ab
1224 2188 1281 2257 illo,
1304 2186 1404 2247 codiee

262 2287 327 2365 ipso
349 2284 388 2346 la
413 2286 513 2348 multis
535 2286 608 2348 locis
630 2287 784 2365 probetur.
827 2286 913 2359 Quod
936 2305 971 2347 eo
994 2285 1173 2366 probabilius
1197 2294 1259 2359 est,
1286 2285 1364 2364 quod
1387 2304 1404 2345 a

262 2384 357 2463 prima
381 2403 471 2445 rnanu
494 2402 555 2445 non
580 2379 678 2446 ἄλλαι
700 2385 752 2446 sed
782 2380 867 2446 ἄλλα
889 2385 1030 2465 scriptum
1054 2393 1170 2448 exstare
1193 2385 1284 2450 Cobet
1306 2385 1404 2444 relert.

263 2485 358 2562 litque
380 2484 438 2544 hoc
464 2501 500 2543 eu
520 2481 652 2544 Triclinii
680 2501 799 2562 quoque
828 2482 1018 2544 adnotatione
1046 2483 1190 2545 eflicitur:
1217 2476 1320 2556 οὕτως
1348 2475 1405 2548 οὖν

263 2579 321 2664 χρὴ
344 2574 484 2661 γράφειν
514 2575 595 2662 ἄλλῃ
619 2616 670 2653 -,
704 2581 858 2642 invenerat
890 2581 981 2660 igitur
1013 2582 1049 2668 in·
1077 2582 1177 2644 codice
1210 2573 1303 2642 dita.
1349 2580 1405 2642 Sed

263 2678 341 2759 quod
359 2677 454 2757 pergit
470 2671 511 2750 ὦς
534 2677 589 2738 καὶ
612 2674 648 2738 ἔν
669 2697 735 2740 τινι
757 2674 825 2740 τῶν
847 2676 1004 2741 παλαιῶν
1019 2677 1160 2760 βιβλίων
1181 2675 1323 2762 εὕρηται,
1346 2698 1406 2740 non

266 2776 360 2839 maior
382 2776 456 2837 fides
479 2776 505 2837 ei
527 2784 574 2836 est
595 2775 751 2837 tribuenda
767 2796 855 2856 quarn
878 2786 912 2837 ut
934 2778 987 2838 alia
1003 2778 1138 2840 omittam
1162 2779 1193 2840 in
1209 2779 1275 2842 rint.
1292 2798 1317 2840 v.
1334 2778 1404 2850 887,

265 2874 314 2936 ubi
337 2869 454 2955 ἀφεῖτε
475 2873 664 2935 scribendum
686 2875 802 2953 putavit
824 2876 998 2936 adseverans
1020 2895 1052 2938 se
1080 2876 1112 2937 in
1135 2884 1249 2938 vetusto
1277 2877 1350 2939 libro
1377 2877 1404 2938 id

265 2973 431 3053 repperisse
454 2973 598 3034 adnotans
622 2965 740 3053 ἀφεῖτε
761 2971 819 3054 χρὴ
843 2973 1040 3056 γράφειν-
1056 2967 1098 3046 ὥς
1120 2975 1175 3034 καὶ
1199 2972 1234 3036 ἔν
1255 2995 1321 3037 τινι
1344 2975 1408 3037 τῶν

266 3070 418 3133 παλαιῶν
441 3064 574 3153 εὕρηται
597 3067 752 3152 deditam

350 3170 488 3230 Fermula
503 3176 601 3230 autern
619 3162 722 3241 οὕτως
744 3165 809 3246 ἔχει
834 3170 934 3231 eadem
958 3170 995 3242 vi,
1019 3190 1076 3250 qua
1091 3171 1149 3232 hoc
1170 3172 1244 3240 leco,
1267 3191 1340 3233 usus
1364 3181 1409 3234 est

267 3269 426 3349 Sophocles
448 3268 480 3329 in
500 3267 598 3345 Antig.
615 3285 640 3325 v.
658 3266 697 3327 37
722 3260 824 3339 οὕτως
854 3263 921 3345 ἔχει
943 3283 997 3328 σοι
1025 3267 1127 3329 ταῦτα
1150 3305 1207 3344 -,
1232 3269 1275 3330 El.
1293 3291 1318 3330 v.
1336 3271 1407 3346 938,

266 3373 369 3448 fragm.
385 3367 457 3427 715.
502 3366 534 3426 Si
564 3365 630 3444 quis
658 3384 727 3426 vero
755 3365 863 3427 obiciat
891 3357 994 3438 οὕτως
1024 3373 1054 3428 et
1080 3358 1162 3429 adde
1184 3385 1246 3428 une
1269 3369 1299 3429 in
1322 3387 1409 3431 versu

267 3467 425 3529 coniuncta
449 3472 479 3526 et
500 3461 589 3525 ambe
612 3463 646 3524 ad
676 3481 708 3523 ea
732 3481 808 3542 quae
835 3465 1015 3544 praecedunt
1044 3465 1206 3546 spectantia
1230 3465 1339 3546 aliquid
1363 3469 1409 3530 of-

267 3561 413 3626 fensionis
435 3559 560 3633 babere,
589 3579 681 3639 quum
705 3552 800 3634 οὗτος
833 3564 869 3625 ad
904 3583 936 3625 ea
969 3583 1043 3644 quae
1066 3565 1264 3643 praecedunt,
1294 3559 1351 3628 ὅδε
1373 3567 1407 3628 ad

268 3683 302 3725 ea
324 3680 398 3742 quae
420 3667 587 3739 sequuntur
608 3659 713 3720 reterri
736 3661 865 3734 soleant,
894 3672 979 3742 poeta
1007 3681 1069 3723 non
1099 3665 1195 3726 solum
1219 3683 1277 3726 una
1301 3665 1334 3727 in
1357 3686 1409 3745 pe-

268 3761 352 3823 riodo
376 3751 470 3829 οὕιος
493 3765 522 3818 et
543 3752 602 3819 ὅδε
628 3759 664 3818 ad
692 3759 794 3820 eadem
817 3761 906 3822 relata
935 3763 1049 3841 posuit,
1077 3771 1111 3825 ut
1133 3762 1201 3824 Ant.
1217 3783 1260 3822 rr.
1277 3763 1408 3845 296'sqq.

270 3869 300 3921 et
315 3859 443 3937 avesq„
465 3857 516 3918 sed
541 3857 628 3918 etiarn
652 3875 712 3918 uno
741 3860 770 3920 in
794 3860 928 3922 membro
951 3861 1053 3924 ταῦτα
1080 3870 1109 3924 et
1132 3853 1196 3924 eide
1219 3862 1255 3923 ad
1279 3883 1410 3944 eaquae

268 3957 452 4042 praecedunt
475 3955 636 4035 spectantia
659 3957 812 4040 copularit,
836 3957 1000 4020 E1.v.315

370 4081 465 4163 εἴπερ
488 4071 553 4166 pide
574 4075 668 4144 ταῦτ’
691 4077 758 4162 ἔχει
782 4091 812 4145 et
835 4083 879 4147 nl.
897 4104 921 4146 v.
939 4085 1010 4148 378.

272 4209 311 4270 Ut
338 4207 428 4286 igitur
455 4205 559 4270 ταῦτα
586 4198 651 4269 ὧδε
680 4205 746 4285 ἔχει
776 4211 917 4289 componi
943 4210 1041 4284 teuit,
1071 4210 1178 4290 opinor
1204 4206 1283 4274 τάδε
1309 4204 1411 4283 οὕτως

272 4303 338 4384 ἔχει
354 4325 413 4385 quo
433 4307 532 4368 minna
555 4305 705 4378 scriberet,
728 4307 801 4370 nibil
816 4317 935 4388 poetam
958 4309 1109 4388 impedivit
1123 4311 1296 4390 praesertim
1319 4327 1409 4390 quum

272 4405 419 4468 Homerus
453 4397 555 4477 οὕτως
588 4413 619 4466 et
650 4400 729 4468 τάδε
761 4407 887 4470 termula
920 4415 1040 4471 nocuae
1062 4407 1209 4474 simillima
1233 4408 1412 4490 copulaverit

273 4504 308 4566 ll.
325 4503 413 4568 XXIV
429 4523 455 4566 v.
472 4503 533 4564 373
