3248 5142
753 410 973 474 „gg-

285 599 362 650 esset
393 585 562 666 exemplum
595 585 626 645 in
658 590 718 644 tota
746 583 911 662 graecitate.
956 583 1032 645 Fieri
1056 585 1175 664 quidem
1199 594 1300 664 petest
1321 595 1354 648 ut
1377 605 1429 667 per

285 705 408 765 zeugma
430 686 508 766 quod
525 693 648 746 vocatur
670 702 687 744 e
709 679 819 743 κλονεῖ
841 683 937 763 aptior
951 683 1131 763 praedicatio
1153 684 1280 746 subiecti
1296 678 1431 757 θάλπος

285 785 486 864 intellegatur,
509 784 560 845 sed
585 801 652 843 cum
676 789 707 841 et
728 779 799 842 illud
821 779 980 862 χαίρωσιν
1002 775 1109 844 ἀύτοῦ
1129 801 1146 842 a
1168 782 1333 862 Mnsgravio
1354 802 1431 846 non-

285 886 356 946 dum
380 884 571 944 emendatum
594 899 659 942 esse
680 897 768 959 supra
791 879 934 960 probasse
957 881 1029 942 mibi
1051 881 1165 953 ridear,
1188 881 1242 944 alia
1265 883 1431 944 emendatio

284 983 453 1063 quaerenda
475 990 530 1053 est,
552 999 609 1060 qua
632 979 686 1040 hae
701 979 778 1040 duae
801 980 983 1042 offensiones
1006 979 1157 1042 tollantur.
1195 984 1292 1061 Atque
1313 982 1431 1060 gravius

283 1100 401 1142 versum
426 1087 599 1160 corruptum
623 1097 690 1140 esse
712 1076 804 1140 libere
826 1076 921 1140 iateor
945 1097 993 1140 me
1016 1078 1140 1153 habere,
1163 1080 1272 1160 quippe
1295 1081 1347 1160 qui
1369 1097 1432 1142 non

283 1181 379 1241 solum
402 1197 504 1239 rocem
532 1177 652 1239 inanem
685 1169 789 1238 ἀύτοῦ
823 1177 971 1252 exhibeat,
1004 1179 1056 1240 sed
1090 1178 1178 1240 eliam
1212 1179 1431 1258 praedicatione

282 1279 388 1342 caloris
411 1286 516 1339 careat.
560 1267 671 1356 ltaque
684 1274 820 1356 suspicor
844 1293 963 1337 versum
992 1277 1023 1338 in
1051 1277 1126 1338 libro
1155 1296 1245 1338 manu
1273 1279 1431 1358 scripto‚e

283 1397 343 1460 quo
365 1376 462 1439 nostri
484 1375 600 1438 codices
622 1373 745 1436 derivati
768 1382 848 1446 sunt,
871 1375 914 1436 sic
936 1375 1082 1436 exstitisse
1105 1375 1290 1438 mutilatum:

383 1486 647 1552 XthOICIN..
670 1532 678 1548 .
696 1487 1188 1552 οΥΚΑΙ..Ν1ΝΘΑΛ11..
1206 1487 1333 1552 ΘΘΟῩ.

282 1603 368 1666 Vides
390 1611 451 1664 tres
473 1620 523 1664 me
543 1599 720 1681 syllabarum
744 1600 863 1662 lacunas
885 1600 1036 1674 statuisse,
1059 1619 1185 1680 quarum
1209 1600 1305 1681 prima
1328 1601 1430 1671 trium,

282 1704 373 1764 altera
400 1711 433 1763 et
459 1708 609 1781 postrema
636 1697 774 1760 binarum
802 1698 970 1761 litterarum
999 1699 1066 1761 luit.
1111 1701 1192 1774 Quae
1221 1710 1256 1761 ut
1286 1701 1429 1762 emenda-

282 1810 397 1873 rentur,
421 1799 547 1879 syllabae
569 1798 701 1877 expletae
722 1806 808 1868 sont,
831 1815 906 1877 quae
928 1817 946 1859 a
968 1798 1059 1860 schol.
1084 1799 1171 1861 Laor.
1194 1799 1378 1879 explicantur
1399 1807 1430 1860 et

282 1901 314 1961 in
336 1899 488 1960 codicibus
510 1898 659 1976 leguntur.
706 1895 911 1974 Requiruntur
931 1895 1021 1974 igitur
1043 1897 1213 1972 relativum,
1235 1917 1295 1978 quo
1317 1897 1353 1960 ad
1376 1898 1428 1960 de·

283 1996 513 2060 monstrativum
547 1991 693 2056 rorotode
725 1979 868 2067 refertur,
902 2013 1013 2058 nomen
1040 1997 1159 2068 caloris,
1195 2005 1298 2076 aptum
1325 1996 1428 2058 caloris

282 2096 414 2158 verbum.
439 2094 526 2169 Quod
538 2110 704 2173 pronomen
719 2093 873 2155 relativum
890 2089 1012 2168 ἔνθα,
1028 2111 1141 2156 nomen
1155 2095 1260 2157 caloris
1275 2094 1427 2176 καῦμα,

283 2195 404 2256 verbum
427 2188 571 2254 θάλπω
594 2191 688 2254 luisse
710 2199 792 2254 ratus
815 2209 932 2254 versum
956 2191 1000 2254 sic
1020 2193 1134 2272 retingo

380 2300 549 2386 χώροισιν,
572 2297 659 2366 ἔνθ’
682 2297 721 2364 ori
743 2300 878 2383 καῦμά
900 2322 954 2366 νιν
974 2296 1116 2366 θάλπει
1140 2303 1234 2368 θεοῦ.

281 2419 385 2498 ltaque
406 2433 546 2478 versuum
573 2414 719 2476 senmntia
747 2414 821 2476 baec
853 2425 912 2476 est:
947 2419 1095 2478 ‘iuventus
1118 2421 1154 2478 iis
1179 2416 1247 2479 loos
1269 2420 1426 2489 macrescit,

279 2517 333 2580 obi
345 2535 407 2578 eom
422 2533 481 2578 ooo
496 2515 543 2578 der·
556 2525 650 2577 cestus
674 2517 743 2584 urit,
770 2531 860 2594 oeque
884 2513 976 2574 rialer
1000 2526 1051 2577 cut
1072 2516 1201 2594 procelle
1225 2515 1289 2578 ulto
1313 2515 1424 2578 oenot'.

281 2616 324 2677 Ad
347 2614 457 2695 καῦμα
478 2609 608 2675 θάλπει
631 2614 668 2675 ci.
685 2611 742 2676 aar
765 2607 865 2693 καῦμ’
888 2608 1021 2674 ἔθαλπε
1043 2616 1245 2678 botulli·

363 2725 497 2886 vidaolbed
523 2826 686 2904 Τροπατε,
707 2817 834 2904 μήποτ’
858 2819 1021 2903 aloldorpt
1045 2836 1083 2884 cs

383 2921 467 3005 πρὸς
487 2916 611 3003 τούμὸν
633 2915 718 2983 οὕτω
741 2921 875 3002 σπέρμα
895 2918 1089 3004 χωρήσαντιέ
1110 2941 1171 2982 ποι

380 3015 459 3103 μηδ’
483 3021 568 3082 εἴτι
590 3016 736 3102 δράσεις,
759 3017 860 3101 τῆσδέ
881 3039 918 3096 γε
942 3015 1046 3102 ζώσης
1067 3017 1127 3081 ἔτι.

280 3149 419 3224 Deianira
444 3157 602 3230 postquam
630 3147 757 3210 eLicba
791 3147 934 3209 victorem
968 3153 997 3208 et
1030 3148 1143 3210 salvum
1166 3147 1321 3213 Herculem
1355 3169 1424 3212 mox

281 3269 345 3311 esse
368 3248 534 3310 rediturum
556 3247 680 3326 accepit,
710 3246 843 3326 quamvis
874 3247 949 3308 laeta
971 3247 1028 3307 boc
1050 3247 1156 3308 nuntio
1183 3257 1282 3310 tamen
1304 3268 1425 3330 praesa-

278 3349 361 3428 giens
384 3345 519 3408 futurum
538 3345 647 3408 malum
663 3344 784 3424 puellas,
807 3361 880 3423 quas
904 3345 1032 3423 captivas
1047 3345 1170 3408 miserat
1185 3349 1318 3422 maritus,
1341 3365 1423 3408 com-

282 3446 448 3508 miseratur.
505 3443 581 3503 Tum
614 3440 710 3502 subita
743 3443 877 3521 perculsa
911 3442 1057 3506 anxietate
1090 3443 1189 3507 lovem
1223 3445 1423 3508 brerruncum

280 3543 429 3623 implorat,
453 3558 490 3602 ne
512 3539 620 3601 liberos
645 3559 745 3601 serves
767 3541 872 3601 reddat
894 3559 1000 3616 neve,
1031 3543 1061 3604 si
1093 3545 1263 3607 facturus
1286 3545 1355 3620 sit,
1387 3563 1424 3606 se

278 3643 357 3703 viva
380 3640 414 3700 id
438 3639 561 3700 iaciat.
598 3638 736 3700 Extrema
761 3639 849 3700 rerba
870 3639 942 3701 mibi
958 3641 1195 3721 quotiescunque
1217 3641 1305 3722 relegi
1328 3643 1423 3704 olien-

278 3740 398 3801 debant.
443 3737 518 3810 Quid
543 3735 623 3798 enim
646 3747 693 3798 est
715 3756 730 3797 a
755 3737 855 3799 matris
878 3745 982 3800 natura
1006 3739 1143 3814 alienius,
1170 3741 1423 3822 quid‘immanius

278 3845 329 3899 aut
352 3838 484 3916 asperius
507 3854 598 3915 quam
625 3835 682 3897 tale
705 3836 776 3916 quid
799 3835 961 3898 concedere
985 3848 1124 3913 matrem,
1153 3839 1225 3900 dum
1249 3840 1336 3900 modo
1359 3841 1422 3917 ipsa

277 3955 317 3996 ne
339 3935 448 3996 sentiat
470 3935 580 3995 malum
602 3934 701 3996 liberis
724 3931 862 3996 illatum?
899 3935 959 3996 Soli
983 3944 1083 3998 autem
1105 3935 1184 4018 quod
1207 3937 1298 3999 sciam
1314 3937 1422 4000 Weck-

277 4033 350 4095 linio
383 4034 455 4095 haec
488 4033 637 4095 sententia
670 4051 735 4094 esse
767 4031 960 4094 inhumanior
988 4035 1111 4098 videtur.
1156 4034 1214 4108 Qui
1236 4055 1305 4098 vero
1328 4055 1421 4117 quum

277 4132 390 4212 optime
413 4139 512 4194 tamen
534 4135 696 4198 rehabere
718 4133 790 4196 dicit
811 4153 938 4208 versum,
964 4135 1044 4216 quod
1066 4142 1097 4195 et
1118 4142 1223 4196 natura
1246 4135 1423 4216 exprimitur

279 4231 327 4292 illa
349 4232 565 4294 desideratione
587 4243 617 4293 et
638 4233 717 4311 quod
742 4241 866 4296 eventus
887 4234 1030 4297 rationem
1046 4232 1135 4297 babet
1155 4241 1250 4312 poeta,
1273 4235 1366 4312 magis
1390 4242 1422 4295 ut

280 4345 397 4394 versum
420 4332 558 4394 defendat
580 4329 653 4392 mibi
675 4330 791 4392 videtur
812 4341 970 4413 spectasse,
994 4347 1081 4411 quam
1103 4331 1172 4410 quid
1195 4341 1283 4412 poeta
1298 4333 1420 4411 dignum

278 4427 317 4487 sit
344 4429 519 4508 respexisse.
565 4427 651 4490 Nullo
678 4429 770 4508 igitur
795 4431 885 4494 modo
913 4449 928 4491 a
958 4447 1006 4492 me
1034 4429 1194 4510 impetrare
1221 4449 1358 4511 possum,
1387 4439 1422 4492 ut

279 4526 349 4587 bace
371 4527 524 4607 scripsisse
547 4519 666 4590 credam
689 4543 841 4594 summum
865 4537 997 4610 poetam,
1023 4528 1077 4610 qui
1099 4530 1350 4610 quemadmodum
1373 4527 1420 4590 al-
