3248 5142
675 355 964 472 ,''¹⁶‘

281 519 426 607 τιλνῶμαι
454 525 622 605 corrigenti,
650 528 687 588 ci.
710 547 737 590 v.
763 528 856 602 1206,
883 538 1022 612 ιιιίμαι
1050 525 1084 592 δ’
1107 520 1290 612 α’μόριμνος
1312 523 1423 604 οὕτως,

282 623 417 686 eiusdem
440 624 524 688 chori
545 625 643 688 verba.

366 723 425 788 Sed
447 723 506 786 iam
527 732 644 788 restant
663 723 753 788 verba
774 725 948 804 gravissime
969 734 1003 790 ut
1024 726 1174 808 plerisque
1196 726 1335 792 videntur
1355 745 1423 790 cor-

281 830 370 903 rupta
393 830 425 886 et
445 823 481 884 ab
504 823 568 888 eliis
590 825 676 888 aliter
696 831 809 890 eatae
830 833 921 908 alque
943 825 1114 906 coniugata:

375 964 496 1033 Ἰόαίαι
518 972 648 1053 μίμνων
669 968 830 1054 λειμωνία
851 974 951 1035 nolae
973 969 1087 1057 μήλων
1108 967 1309 1058 ἅνήριθμος.

283 1127 415 1190 Fuerunt
443 1128 563 1209 quidem
597 1129 649 1210 qui
681 1139 756 1210 part.
778 1131 917 1212 μίμνων,
950 1131 1031 1213 quod
1061 1131 1176 1194 dativus
1192 1125 1301 1212 Ἰδαία
1328 1139 1425 1194 metro

281 1228 462 1302 adversatur,
485 1247 554 1290 cum
577 1229 741 1293 accusativo
762 1221 868 1292 Ἰδαία
882 1230 1073 1294 coniunctum
1090 1231 1210 1306 vellent,
1232 1240 1268 1294 ut
1288 1231 1425 1294 hocloco

281 1326 345 1389 eius
378 1327 422 1390 vis
456 1336 536 1390 esset
563 1328 814 1409 exspectandi.
859 1329 944 1402 Quod
975 1328 1204 1410 haudquaquam
1226 1328 1422 1412 probaverim.

282 1425 357 1488 Nam
392 1425 524 1506 primum
560 1445 593 1488 se
629 1435 800 1509 exspectare
833 1427 947 1498 ,chorus
983 1427 1029 1490 bis
1065 1427 1290 1508 pronuntiasset
1327 1428 1423 1500 verbis

280 1525 412 1607 μίμνων
426 1543 490 1606 sqq.
514 1533 544 1587 et
565 1519 678 1588 ἐλπίδ’
702 1522 785 1604 ἔχων
798 1544 863 1609 sqq.
908 1525 1019 1590 Deinde
1041 1524 1255 1608 importaret
1277 1547 1354 1610 quae
1375 1547 1425 1589 se·

281 1631 416 1704 quuntur
448 1625 487 1686 ita
523 1631 595 1686 sunt
627 1625 783 1698 mutanda,
820 1632 854 1686 ut
886 1625 922 1686 ad
955 1623 1061 1687 Troiae
1099 1625 1286 1688 eversionem
1319 1627 1425 1688 referri

281 1724 407 1803 possint
452 1721 538 1796 Quod
567 1742 660 1806 quum
687 1731 809 1804 propter
830 1722 956 1790 traditos
985 1724 1150 1786 litterarum
1173 1725 1280 1786 ductus
1306 1725 1425 1806 pericu-

279 1819 342 1883 losa
364 1839 413 1884 res
436 1829 492 1894 est,
515 1830 579 1884 tum
602 1829 725 1904 propter
739 1821 952 1887 obscuritatem
976 1840 1051 1905 quae
1077 1822 1205 1886 efficitur
1227 1823 1291 1885 lieri
1306 1823 1421 1906 nequit.

281 1919 356 1981 Nam
388 1919 485 1982 verbis
512 1915 620 1983 ’Ῑόαία
649 1921 760 2003 μίμνω
793 1915 947 2003 λειμωνί’
980 1917 1108 1986 ἄποινα
1138 1955 1179 1967 -
1207 1921 1248 1983 ita
1278 1923 1360 1986 enim
1390 1942 1426 1985 ex

281 2018 445 2081 Hermenni
466 2019 635 2082 coniectura
665 2019 822 2100 legendum
845 2027 952 2102 putant
973 2056 1014 2065 -
1037 2038 1127 2083 nemo
1149 2020 1207 2082 nisi
1230 2020 1352 2085 edoctus
1374 2021 1425 2084 in-

280 2118 398 2198 telleget
423 2118 502 2180 haue
528 2119 628 2181 inesse
657 2120 851 2182 senteutiam:
884 2124 1028 2202 ‘poenam
1062 2137 1170 2182 manao
1202 2139 1293 2201 quam
1326 2121 1424 2184 <laturi

279 2224 351 2278 sunt
379 2215 516 2290 Troiani,
550 2217 612 2279 soil.
634 2217 721 2281 Troia
750 2236 859 2292 eversa,
892 2237 946 2301 pro
980 2219 1131 2283 aerumnis
1161 2238 1236 2301 quae
1265 2239 1424 2304 perpessus

280 2334 357 2389 sum,
392 2316 461 2378 dum
489 2315 521 2378 in
544 2311 641 2396 pratis
670 2316 811 2380 consedi'.
856 2317 939 2392 Quae
969 2337 1063 2399 quum
1090 2318 1238 2383 reicienda
1266 2320 1328 2382 sint
1348 2338 1424 2401 eque

279 2413 385 2477 formis
416 2415 583 2478 litterarum
614 2416 731 2479 traditis
763 2415 789 2478 is
815 2434 922 2479 sensus
951 2418 1065 2499 requiri
1091 2417 1241 2492 videatur,
1275 2435 1366 2498 quem
1391 2418 1423 2480 iu

279 2513 426 2595 principio
449 2514 659 2588 enarravimus,
689 2515 736 2577 his
757 2515 854 2578 verbis
876 2516 987 2591 locum,
1017 2517 1070 2580 ubi
1092 2516 1201 2580 chorus
1228 2536 1260 2580 se
1289 2535 1423 2580 commo·

280 2612 339 2674 rari
370 2611 455 2686 dicat,
488 2620 570 2694 patet
602 2613 735 2676 iudicari.
786 2615 844 2678 Sevi
878 2607 1008 2698 μίμνων
1040 2635 1109 2679 eum
1142 2626 1188 2678 est
1220 2616 1301 2679 idem
1335 2626 1424 2696 atque

276 2728 447 2791 porcinum
468 2711 601 2792 iungitur
621 2731 690 2774 cum
713 2709 749 2777 ἐν
763 2734 832 2778 cum
855 2715 951 2777 dativo
975 2716 1021 2775 vel
1042 2733 1078 2776 er
1100 2713 1259 2776 Homerico
1280 2713 1422 2791 loquendi

279 2829 337 2873 usu
370 2829 438 2873 cum
471 2811 526 2874 soli
562 2811 660 2874 dativo
695 2813 746 2894 qui
779 2813 887 2876 dicitur
919 2811 1013 2873 locali.
1067 2809 1223 2888 ingeniosa
1256 2811 1346 2891 igitur
1378 2816 1423 2872 est

280 2909 398 2989 Berglii
419 2910 569 2977 leuissima
591 2927 625 2973 ae
646 2929 741 2992 paene
768 2913 849 2975 nulla
870 2909 996 2974 muetio
1014 2903 1189 2974 ’IAAiAL
1233 2910 1336 2990 ltaque
1362 2909 1422 2973 iam

279 3007 424 3072 hahemus
452 3003 569 3090 Ἰδᾷδι,
602 3030 644 3074 so.
672 3009 726 3100 γῇ,
765 3005 896 3094 μίμνων
928 3009 961 3070 in
994 3015 1072 3070 terra
1105 3008 1190 3072 idaea
1224 3025 1422 3082 commorans,

280 3107 317 3168 oi.
333 3107 424 3170 schol.
447 3107 532 3172 Laur.
553 3101 668 3188 Ἰδαία]
692 3109 732 3198 τῇ
757 3107 898 3196 Τρωικῇ.
933 3107 1037 3188 Neque
1055 3114 1158 3170 umen
1181 3107 1288 3170 celeus
1303 3125 1423 3189 quoque

280 3208 471 3283 accesserim,
500 3229 576 3290 quae
605 3209 650 3272 vir
679 3210 756 3271 doct.
784 3216 818 3271 ut
845 3207 1014 3269 emendaret
1041 3213 1216 3286 eormptum
1244 3207 1343 3269 locum
1370 3225 1423 3268 er-

281 3306 427 3384 oogitavit.
475 3307 636 3389 Proposuit
669 3307 747 3370 euim
782 3303 920 3386 χειμῶνι
947 3300 1019 3382 πόᾳ
1044 3323 1082 3365 τε
1115 3306 1303 3388 oouierrique
1335 3305 1424 3368 iussit

280 3404 386 3466 Rhiani
406 3407 485 3486 apud
506 3406 683 3470 Pausaniam
704 3405 750 3477 lv,
776 3405 825 3477 lv,
840 3404 876 3466 6:
909 3397 1053 3484 χείματό
1083 3425 1119 3465 va
1151 3398 1254 3478 ποίας
1285 3425 1321 3466 τε
1353 3399 1423 3466 teu

280 3500 336 3566 καί
363 3504 500 3570 τίκτων.
544 3506 603 3568 Sed
632 3523 666 3566 ea
691 3502 860 3566 coniectura
893 3509 1014 3583 recepta
1043 3511 1118 3566 u'cva
1149 3503 1297 3586 temporis
1329 3503 1425 3584 sigui-

280 3601 377 3666 ficatio
400 3611 490 3686 atque
510 3603 622 3668 inutilis
644 3602 710 3666 loco
732 3601 869 3680 adigitur.
909 3601 984 3666 Nam
1006 3601 1104 3666 verbis
1125 3597 1274 3677 παλαιός
1297 3596 1361 3686 ἀφ’
1383 3593 1424 3666 οὗ

279 3695 395 3784 χρόνος
417 3709 448 3766 et
468 3698 574 3786 χρόνῳ
596 3694 805 3784 τρυχόμενος,
827 3698 937 3782 quibus
959 3700 1008 3764 illa
1023 3700 1221 3783 excipiuntur,
1241 3701 1423 3766 diuturnitas

280 3801 425 3884 temporis
456 3801 530 3866 satis
562 3818 713 3881 superque
745 3797 873 3865 uncae
900 3806 947 3866 est
972 3800 1131 3884 omniaque
1158 3802 1214 3866 elia
1236 3809 1289 3864 aut
1315 3796 1422 3862 tradita

279 3917 371 3962 manu
398 3899 515 3980 seriptis
542 3907 595 3962 aut
620 3899 799 3962 coniecturis
825 3898 997 3964 criticorum
1023 3901 1114 3964 inlata
1140 3910 1276 3980 tempora
1299 3903 1352 3960 aut
1371 3915 1423 3960 ra·

281 3999 426 4062 movenda
447 4006 520 4062 sunt
539 4005 591 4061 aut
611 3998 767 4064 reicienda.
805 3997 923 4071 Quanta
943 4019 1014 4064 vero
1029 4000 1124 4064 evadit
1138 4006 1309 4079 temporum
1324 3995 1422 4059 abuu-

281 4097 388 4170 lanua,
410 4095 436 4158 si
461 4088 576 4180 μήλων
603 4098 684 4178 quod
706 4097 790 4160 aliter
811 4115 874 4160 nou
900 4099 990 4162 habet
1011 4118 1071 4180 quo
1091 4099 1238 4162 relevatur
1258 4096 1290 4160 in
1311 4095 1423 4179 μηνῶν

280 4201 428 4258 mutatum
452 4213 520 4260 cum
543 4189 731 4279 ἄνήριθμος
759 4195 903 4262 innueris!
947 4197 1043 4262 Immo
1073 4215 1142 4260 vero
1168 4196 1259 4260 huius
1286 4193 1422 4260 adiectivi

281 4294 324 4356 vis
351 4313 388 4356 ex
415 4311 504 4358 verso
530 4294 614 4376 quasi
639 4295 776 4376 parallelo
803 4304 917 4379 κεῖμαι
944 4290 978 4360 δ’
1005 4289 1228 4379 ἀμίριμνος
1250 4294 1423 4376 explicantia

281 4400 336 4468 est,
359 4400 393 4456 ot
407 4393 552 4474 significet
569 4394 606 4458 iu
629 4394 731 4458 nullo
752 4413 902 4459 numero
924 4395 1100 4468 habitum,
1122 4397 1159 4460 cl.
1175 4415 1251 4478 quae
1267 4395 1359 4458 Wolii
1369 4394 1422 4458 ad-

281 4493 396 4556 notavit
405 4501 436 4557 et
446 4493 535 4558 schol
549 4493 636 4558 laur.
652 4489 853 4579 ἀνήριθμας·
880 4490 917 4559 όν
931 4488 1042 4560 οὐδενί
1059 4490 1197 4582 ἀριθμῷ
1214 4489 1421 4576 ταττόμενος.
