3248 5142
741 409 961 474 ..46-

381 579 456 647 cll’
478 587 514 648 bv
534 583 596 668 γὰρ
619 578 678 650 οὖν
698 582 825 660 ἔξοιδα,
849 582 886 650 σὲ
907 583 968 667 μὲν
989 577 1094 648 ἔκειντ’
1118 582 1178 668 ἐμὲ

382 685 491 765 κείνην
510 703 546 747 τε
566 682 671 748 ταῦτα
692 681 878 767 δοστομετν.

367 839 408 850 -
429 824 474 867 vv.
500 804 579 867 1019
594 825 658 888 sqq.
702 807 834 869 Theseus
862 806 1017 869 Creontem
1048 805 1119 886 quid
1146 806 1233 869 iaciat
1262 813 1420 885 rogantem

282 903 363 968 iubet

381 1014 463 1084 ὁδοῦ
484 1017 659 1104 κατάρχειν
678 1022 735 1105 τῆς
757 1019 835 1098 inat,
858 1018 997 1104 πομπὸν
1019 1018 1058 1084 δέ
1079 1044 1120 1104 με

381 1129 509 1203 χωρεῖν,
534 1117 592 1196 ἵν’,
615 1121 646 1182 εἰ
667 1119 728 1203 μὲν
749 1119 785 1185 ἓν
805 1117 944 1184 τόποισι
966 1117 1077 1185 τοῖσδ’
1101 1118 1186 1200 ἔχεις

380 1216 439 1292 τὰς
460 1217 587 1293 παῖδας
607 1215 721 1304 ἡμῶν
742 1215 840 1295 αὐτὸς
862 1217 1007 1303 ἓιιδείξχς
1029 1216 1111 1302 ἐμοί.

276 1339 428 1419 hutigona
450 1347 479 1401 et
500 1340 617 1403 Ismena
639 1342 787 1404 a'l'beseo
810 1341 885 1404 filiae
907 1359 977 1403 suae
999 1341 1056 1402 dici
1072 1359 1134 1403 non
1149 1349 1283 1422 possunt.
1318 1341 1421 1421 ltaque

283 1438 433 1501 Hermann
462 1437 559 1502 ellaiv
587 1439 709 1502 verbum
732 1459 747 1501 a
771 1440 915 1519 Sophocle
950 1457 1010 1502 non
1033 1440 1184 1513 usitatum,
1211 1439 1338 1502 Dindorl
1363 1438 1421 1513 τὰς

281 1535 377 1600 τοῦδε
405 1535 532 1611 παῖδας
561 1538 656 1600 eiecto
685 1533 785 1620 ἡμῶν,
808 1536 946 1620 Elmsley
969 1539 1074 1618 Bergk,
1097 1539 1231 1603 Meinelre
1253 1559 1308 1620 pro
1330 1557 1421 1619 gene-

282 1636 342 1698 tivo
380 1636 508 1699 datiuum
547 1632 645 1720 ἡμῖν,
680 1637 830 1701 Wecklein
867 1634 978 1700 ἐλθών
1013 1646 1245 1719 proposuerunt.
1299 1639 1337 1700 41
1374 1637 1420 1699 his

283 1735 496 1798 mutationibus
523 1736 603 1797 nulla
625 1735 733 1799 Thesei
759 1735 918 1799 vorborum
942 1735 1108 1817 primorum
1138 1732 1220 1800 6δοῦ
1247 1732 1421 1819 κατάρχειν

281 1833 338 1916 τῆς
367 1831 433 1897 inst
459 1836 533 1898 ratio
563 1833 660 1898 habita
687 1844 741 1897 est
785 1838 867 1911 Quae
889 1836 956 1897 ideo
983 1837 1015 1897 in
1045 1835 1179 1898 oratioue
1206 1835 1301 1915 prima
1324 1835 1420 1915 posita

282 1939 362 2008 sunt,
389 1935 469 2015 quod
491 1938 518 1996 ri
540 1943 570 1997 et
592 1934 734 2014 gravitate
755 1935 883 2016 quadam
906 1935 1013 1996 Thesei
1036 1934 1192 1997 consilium
1216 1934 1359 2007 indicant,
1388 1941 1423 1996 ut

282 2033 377 2095 Creon
409 2034 473 2115 ipse
505 2033 576 2096 dux
608 2034 687 2096 viae
715 2034 762 2095 sit.
804 2037 841 2096 ci.
864 2053 891 2109 r.
910 2031 989 2096 1025
1013 2029 1088 2097 ἀλλ’
1116 2030 1289 2116 ἔξοφηχοῦ.
1334 2031 1419 2107 Quod

282 2132 434 2212 aptissime
455 2132 489 2194 nt
511 2131 640 2194 nomine·
661 2127 836 2214 ἡγεμών,
863 2150 923 2212 quo
947 2130 1106 2213 Sophocles
1129 2133 1182 2194 hac
1208 2133 1271 2212 ipsa
1302 2132 1420 2212 propria

282 2232 345 2294 eius
366 2231 580 2312 significatione
601 2231 696 2293 utitur
717 2231 777 2293 hui
802 2230 861 2292 fab.
883 2250 910 2292 v.
928 2230 1009 2294 1542

381 2346 445 2431 ἐγώ
468 2349 530 2434 γὰρ
552 2347 681 2435 ἡγεμών
703 2350 796 2436 σφῶν
819 2345 862 2416 αὖ
885 2353 1062 2437 πέφασμαι

283 2473 431 2566 ethntig.
460 2492 486 2534 v.
510 2473 591 2535 1014
624 2463 698 2556 ἐμοὶ
731 2470 792 2555 γὰρ
824 2465 919 2548 οὗτος
951 2467 1079 2558 ἡγεμών
1108 2481 1138 2536 ο1
1166 2473 1270 2537 Suidas
1298 2472 1420 2554 explicat

282 2565 426 2654 ἡγεμών·
453 2566 471 2633 ὁ
494 2569 553 2656 τῆς
568 2568 647 2634 ὁδοῦ
670 2566 861 2656 ἡγούμενος,
885 2573 921 2635 cl.
938 2573 1099 2636 Valhenaer
1115 2573 1149 2636 ad
1165 2573 1303 2637 Herodot.
1322 2573 1354 2650 V,
1374 2571 1420 2632 14.

281 2663 389 2752 Ἡμῶν
411 2677 509 2732 autem
533 2691 569 2732 ex
590 2665 720 2755 ἡγεμών
742 2671 878 2733 facillime
901 2672 1025 2734 coartari
1053 2672 1157 2753 potuit.
1197 2665 1267 2746 'Quo
1291 2680 1420 2736 coartato

282 2768 474 2832 coniunctum
507 2779 553 2832 est
578 2789 647 2832 cum
674 2767 801 2844 παῖδας
828 2777 858 2832 et
886 2778 919 2832 ut
946 2770 1113 2851 expleretur
1141 2769 1265 2852 syllabae
1288 2768 1419 2831 defectus

281 2888 335 2950 pro
358 2860 477 2952 δείξῃς,
500 2870 579 2949 quod
601 2867 727 2950 simplex
750 2869 892 2933 hocloco
915 2870 1012 2952 aptius
1034 2878 1080 2932 est
1103 2889 1190 2951 qnam
1213 2869 1419 2950 compositum,

281 2965 426 3052 ἕκδείξῃς
459 2977 635 3032 correctum.
678 2969 800 3050 Relingo
833 2969 922 3051 igitur
954 2988 1083 3052 versum,
1117 2963 1207 3054 ἡμῶν
1233 2969 1264 3031 in
1292 2962 1422 3054 ἡγεμών

282 3079 397 3133 mutato
420 3077 449 3133 et
471 3069 661 3150 transposito,
1085 3095 1086 3098 ¹

380 3188 438 3264 τὰς
461 3189 588 3265 παῖδας
610 3185 707 3263 αὐτὸς
728 3183 886 3274 ἡγεμών
907 3187 1016 3274 δείξῃς
1037 3187 1122 3271 ἐμοί.

365 3331 410 3372 vv.
435 3311 516 3373 1435
528 3330 597 3392 qq..
630 3311 783 3390 Polynices
806 3331 821 3372 a
843 3320 928 3392 patre
949 3311 1121 3391 repudiatus
1142 3317 1230 3390 atque
1252 3318 1421 3372 exsecratus

281 3409 461 3489 Antigonam
493 3410 638 3483 horreum,
672 3427 711 3472 ne
743 3410 841 3490 ipsum
875 3418 1018 3472 moretur.
1062 3409 1124 3472 lam
1152 3408 1208 3470 sibi
1235 3409 1310 3470 viem
1340 3408 1422 3470 cordi

280 3509 411 3572 futuram
433 3509 591 3572 infaustam
615 3517 705 3589 atque
728 3509 844 3581 malam,
871 3516 934 3571 tnm
958 3525 1076 3571 sorores
1098 3507 1200 3570 ambas
1222 3507 1318 3570 ualere
1340 3506 1424 3568 iubet

282 3608 378 3670 verbis

382 3727 477 3810 σφῷν
499 3722 630 3811 εὗοδοίη
655 3723 751 3802 Ζεύς,
773 3723 847 3790 ταδ’
870 3727 902 3789 ei
921 3725 1047 3789 τελεῐτέ
1067 3747 1126 3809 μοι

381 3825 535 3901 θανόντ’,
559 3825 632 3888 ἐπεὶ
655 3822 695 3888 οὔ
716 3847 775 3909 μοι
800 3823 895 3898 ζῶντί
917 3821 950 3904 y'
973 3820 1077 3899 αὖθις
1100 3824 1216 3898 ἔξετον.

385 3926 539 4008 μέθεσθε
561 3921 596 3988 δ’
619 3922 693 4009 ἤδη,
716 3916 869 4004 χαίρετόν
888 3919 929 3985 τ’.
968 3919 1006 3987 οὐ
1028 3919 1148 4007 χάρμ’
1172 3920 1220 3984 ἔτι

381 4018 539 4104 βλέποντ’
562 4019 729 4108 eoopscu'
752 4017 864 4095 αὖθις.
914 4026 1021 4085 ANT.
1060 4018 1085 4084 al
1105 4011 1235 4083 τάλαιν’
1256 4011 1353 4098 ἐγώ·

283 4144 341 4205 Pro
370 4137 515 4227 εὖοδοίη,
550 4145 629 4226 quod
652 4145 802 4207 Hermann
836 4143 867 4204 in
901 4143 1000 4206 adnot.
1033 4142 1068 4206 ad
1099 4143 1180 4204 hunc
1208 4159 1325 4204 versum
1349 4141 1423 4204 exile

282 4242 428 4323 Polynicis
450 4244 532 4332 κακῇ
555 4240 624 4327 ὀδῷ
646 4244 815 4326 oppositum
839 4251 868 4305 et
891 4263 929 4306 ne
949 4260 1003 4324 per
1024 4261 1056 4305 se
1078 4242 1198 4323 quidem
1226 4242 1298 4304 satis
1320 4249 1420 4323 aptum

283 4344 466 4423 omninoque
510 4344 571 4406 lere
615 4343 651 4404 ab
679 4341 874 4425 scriptoribus
906 4342 1123 4408 recentioribus
1154 4349 1329 4424 usurpatum
1358 4360 1422 4404 esse

283 4441 332 4514 ait
359 4441 528 4520 eBurgcaii
562 4442 772 4504 emendatione
801 4443 929 4505 editores
957 4435 992 4504 εὖ
1014 4439 1128 4525 διδο1η
1153 4448 1341 4523 receperunt.
1385 4439 1423 4502 Et

285 4541 349 4603 iure
377 4539 507 4622 quidem.
553 4540 627 4601 Nam
651 4541 804 4622 Polynices
831 4540 882 4623 qui
910 4540 968 4604 iarn
994 4548 1064 4622 post
1086 4560 1113 4602 v.
1130 4540 1211 4604 1413
1239 4541 1423 4604 occasurus
