3248 5142
647 429 868 492 ...61-

186 607 294 668 κακῶν
328 606 446 667 Graecis
477 605 646 666 hominibus
676 605 705 665 in
741 603 886 683 proverbii
924 604 1169 678 consuetudinem
1209 604 1323 666 venisse

186 713 296 775 monet,
327 713 386 784 quo
408 703 534 764 efficitur
567 711 601 763 ut
630 703 848 782 comparativus
877 698 992 764 κοὶκιον
1014 722 1030 762 a
1052 703 1188 781 genetivo
1218 701 1324 763 κακῶν

185 803 284 865 dirimi
307 822 368 864 non
391 801 505 864 debent.
551 801 614 874 Qua
639 801 856 864 Schneidewini
887 802 1076 862 adnotatione
1103 801 1207 875 etiarn,
1235 821 1323 882 quam

186 903 320 982 plerique
348 908 535 982 receperunt,
564 900 682 961 (lauteri
710 900 881 962 coniectura
911 897 946 961 ἐκ
975 900 1127 961 refellitur.
1177 900 1324 963 Audacter

187 1002 275 1080 igitur
301 1000 403 1079 Piluglr
437 1000 554 1061 voculas
586 993 630 1060 αὖ
657 1007 686 1060 et
713 996 732 1080 ἢ
755 999 941 1079 permutavit,
971 999 1011 1058 ita
1043 1007 1075 1059 ut
1097 999 1171 1060 duee
1193 1000 1322 1060 interro·

185 1099 370 1179 getiunculue
392 1099 510 1160 fierent:
1202 1101 1230 1156 0

284 1208 320 1273 τί
339 1206 373 1272 δ’
398 1207 504 1286 ἔστιν,·
533 1205 554 1291 ἢ
576 1205 691 1272 κάκιον
713 1202 755 1271 αὖ
778 1209 886 1271 κακῶν
907 1206 972 1283 ἔοις

185 1324 249 1397 Quo
272 1323 488 1402 permutatione
515 1340 695 1401 quamquam
723 1322 874 1382 latendum
906 1329 951 1381 cst
978 1321 1121 1400 aptiorem
1145 1321 1323 1384 sententiam

186 1422 249 1482 lieri
272 1441 359 1502 quam
384 1421 498 1490 ceteris,
521 1429 621 1482 nmen
636 1421 695 1481 duo
712 1421 800 1481 unius
815 1419 1056 1497 interrogationis
1077 1420 1209 1481 membro
1226 1421 1324 1481 nescio

186 1520 255 1600 quid
287 1520 356 1580 milri
386 1519 559 1580 offensionis
588 1519 708 1579 habent.
754 1518 914 1597 Postquam
944 1518 1023 1579 enirn
1048 1538 1064 1580 e
1088 1520 1192 1579 nuntio
1214 1519 1325 1580 audivit

187 1619 281 1680 Creon
303 1627 419 1698 praeter
441 1617 524 1690 melu,
547 1637 620 1697 quae
642 1618 672 1678 in
689 1615 825 1677 manibus
842 1625 948 1688 tenent,
973 1616 1074 1677 ulisse
1096 1617 1176 1677 dorni
1195 1636 1323 1687 manere,

186 1717 256 1796 quid
280 1717 408 1777 hominis
436 1717 493 1777 ianr
522 1715 623 1776 miseri
653 1716 752 1776 enimc
781 1715 1005 1777 convenientius
1033 1735 1121 1794 quarn
1150 1736 1217 1777 cunr
1240 1717 1326 1777 iesti-

186 1816 306 1876 netione
338 1815 464 1894 quadarn
498 1833 654 1894 quaerere:
693 1813 775 1894 ‘quid
799 1825 839 1874 est
869 1815 983 1876 taudem
1012 1814 1124 1894 (igitur)
1153 1815 1238 1876 melis
1265 1820 1325 1876 iam

182 1917 264 1995 peius
285 1911 427 1974 ueruml'
464 1913 546 1986 Quae
568 1913 717 1974 sententie
740 1913 818 1973 inest
841 1913 937 1974 versui

285 2027 317 2086 τί
340 2020 372 2086 δ’
396 2022 464 2086 ἔστι
488 2020 532 2106 δὴ
555 2020 670 2087 κάκιον
692 2017 735 2086 αὖ
756 2024 864 2085 κακῶν
886 2019 935 2085 ἔτι
942 2052 954 2101 ,-

273 2157 315 2198 vr.
342 2137 423 2199 1339
438 2155 502 2216 sqq.
552 2137 646 2198 Creon
674 2135 788 2198 duobus
815 2136 1006 2218 propinquis,
1040 2137 1165 2216 coniuge
1199 2146 1228 2198 et
1256 2138 1324 2211 filio,

188 2236 313 2298 mortuis
336 2234 505 2313 gravissime
527 2235 652 2296 sillictus
676 2235 848 2296 miseratur:

286 2342 393 2424 ἄγοιτ’
417 2342 459 2408 ἂν
480 2339 624 2427 μοι’ταιον
646 2339 742 2428 ἄνδρ’
764 2341 928 2420 ἐκποδῶν,

286 2441 332 2522 ὅς,
355 2440 381 2508 oi
403 2454 477 2518 nat,
499 2446 538 2508 σέ
559 2440 588 2506 τ’
612 2439 670 2524 οὐχ
692 2441 775 2508 ἑκῶν
796 2441 931 2508 ἔκτανον

286 2546 325 2606 σέ
345 2540 377 2606 τ’
400 2540 443 2606 αὖ
464 2538 572 2619 τάνδ’,
598 2540 682 2625 ὤμοι
704 2540 832 2624 μέλεος,
855 2538 926 2606 οὐδ’
950 2540 1012 2623 ἔχω

246 2649 265 2717 †
286 2637 355 2720 ὅπᾳ
378 2643 462 2726 πρὸς
484 2636 626 2726 πότερον
648 2638 722 2718 ἴδω,
745 2643 796 2720 πᾷ
817 2641 872 2704 καὶ
896 2642 968 2704 θῶ·
998 2641 1110 2706 πάνια
1131 2641 1193 2724 γὰρ

287 2739 400 2823 λέχρια
421 2737 482 2805 τῶν
502 2751 622 2824 χεροῖν,
644 2740 685 2803 τὰ
706 2737 739 2804 δ’
761 2740 820 2803 ἐπὶ
843 2743 938 2825 κρατί
960 2764 1019 2825 μοι

286 2842 415 2919 πότμος
437 2833 656 2922 δυσκόμιστος
679 2835 841 2922 εἰσήλατο.

187 2952 296 3011 Versus
315 2950 395 3011 1342
410 2969 497 3011 cruce
519 2959 638 3012 notatus
654 2962 747 3013 metro
763 2959 915 3029 repugnet,
938 2951 1016 3030 quod
1033 2952 1177 3013 doclrmiis
1189 2963 1324 3016 constare

187 3049 409 3110 demonstratur
431 3067 516 3110 versu
540 3049 691 3128 strephico
710 3048 789 3108 1320

287 3154 363 3235 ἐγώ,
387 3153 473 3242 φάμ’
497 3156 624 3241 ἔτυμον,
649 3157 688 3221 ἰῶ
710 3156 910 3240 πρόσπολοι.

186 3269 260 3332 'l'res
288 3271 377 3351 igitur
405 3271 584 3333 emendandi
610 3273 670 3333 vias
700 3271 824 3352 ingressi
853 3279 923 3334 sunt
950 3289 995 3332 rr.
1020 3273 1068 3334 dd.
1113 3275 1247 3348 Quorum
1277 3277 1323 3337 elii

187 3364 297 3432 πάντα
318 3362 431 3453 κάρα

187 3477 370 3530 censuerunt
395 3462 465 3547 ὅπᾳ
493 3467 577 3551 πρός
603 3461 748 3553 πότερον
774 3469 884 3533 κλιθῶ
898 3479 952 3532 etc.
997 3471 1198 3552 Respiciamus
1224 3473 1324 3553 igitur,

188 3585 262 3646 onae
292 3567 330 3627 sit
357 3567 418 3629 reri
449 3568 595 3629 simillima
623 3568 803 3632 emendandi
830 3570 914 3632 ratio.
959 3571 1054 3651 Atque
1084 3573 1212 3651 primurn
1237 3572 1324 3634 verba

186 3661 245 3726 τῶν
265 3674 377 3748 χεροῖν
397 3684 490 3744 quum
519 3667 579 3728 sint
607 3669 740 3747 opposita
768 3667 863 3729 verbis
897 3667 937 3730 τὰ
969 3661 1002 3731 δ’
1036 3665 1094 3731 ἐπὶ
1126 3673 1220 3751 κρατί
1252 3692 1323 3752 μοι,

187 3781 247 3826 non
270 3764 435 3843 siguificare
452 3764 588 3826 ridentur
602 3766 777 3845 praesentia,
799 3766 849 3827 sed
871 3767 990 3848 proprie
1013 3786 1045 3828 ea
1066 3787 1142 3847 quae
1164 3769 1195 3829 in
1211 3769 1324 3831 Creon-

186 3863 224 3924 tis
247 3863 383 3926 manibus
405 3870 477 3924 sunt
499 3863 518 3924 i.
542 3883 567 3923 e.
591 3865 683 3926 lilium
713 3874 875 3938 mortuum,
905 3885 994 3945 quem
1024 3867 1173 3947 amplexus
1206 3877 1261 3940 est,
1295 3877 1324 3928 et

189 3961 357 4034 mulierem,
391 3982 466 4042 quae
494 3971 611 4023 mertun
639 3963 669 4024 in
702 3965 778 4025 lecto
806 3964 880 4025 iacet
908 3973 976 4026 onte
1006 3967 1106 4026 oculos
1129 3967 1202 4027 eius.
1247 3966 1323 4027 Turn

187 4069 285 4122 eutem
319 4055 430 4123 πάντα
458 4058 520 4142 γάρ
553 4061 589 4122 ab
616 4061 712 4140 aliquo
735 4062 866 4124 additum
890 4073 944 4137 est,
973 4065 1023 4144 qui
1052 4067 1229 4128 sententiam
1261 4084 1322 4127 non

187 4168 267 4220 recte
289 4159 441 4220 intellexit.
485 4160 646 4239 llxpunctis
676 4160 766 4239 igitur
792 4157 901 4222 πάντα
922 4154 986 4244 γάρ
1013 4165 1160 4225 sententia
1184 4163 1323 4225 efficitur:

188 4255 341 4318 ’κότλίποιο
368 4269 435 4318 sum
463 4277 535 4340 ptrue
559 4259 693 4321 munibus
720 4271 798 4322 teneo
827 4272 854 4322 et
878 4262 909 4322 in
937 4273 1021 4342 caput
1048 4281 1143 4324 meum
1165 4262 1322 4324 intoleran-

187 4356 257 4416 ‹lum
290 4359 376 4416 irruit
406 4357 525 4435 sotum'.
570 4359 651 4432 Quae
680 4360 705 4420 si
733 4368 813 4421 recte
835 4361 975 4440 explicate
998 4371 1076 4435 sunt,
1106 4363 1166 4424 duo
1194 4362 1322 4424 dochmii

186 4455 398 4535 relinquuntur

286 4553 358 4635 ὅπᾳ
380 4557 464 4640 πρὸς
487 4554 626 4642 πότερον
647 4558 719 4636 ἴδω,
741 4561 791 4640 πᾷ
813 4560 868 4623 καὶ
892 4563 955 4624 θῶ.
