3248 5142
676 397 896 461 ..37-

213 581 343 636 extrema
365 575 494 636 duorum
516 591 656 638 versuum
680 575 768 636 rerba
791 575 888 637 deleta
910 593 989 648 esse,
1017 594 1119 638 rersns
1141 576 1173 638 in
1196 576 1276 639 hunc
1297 580 1359 638 lere
1468 645 1472 653 ,

213 674 338 735 modum
360 672 549 753 refingendos
572 677 710 754 opinatus
732 680 777 735 est

313 787 385 855 ἀλλ’
410 789 484 857 οὐδ’
507 789 589 876 ἐμόν
610 814 661 858 τοι
684 789 938 866 τοῦξανιστάναι
963 789 1010 876 [c’
1034 791 1145 879 ἕδρας]

314 887 442 969 πόλεως
465 886 536 973 δίχ’
559 889 642 970 ἐστί,
666 895 748 976 πρίν
769 888 801 972 7³
826 889 868 956 ἂν
889 889 1023 965 dedetis>
1046 889 1151 976 τι[νί].

214 1015 271 1089 Oui
292 1017 338 1078 vir
352 1017 381 1079 d.
396 1025 430 1079 nt
443 1016 545 1078 multis
567 1015 631 1077 aliis
652 1014 725 1076 locis
749 1013 824 1076 miro
846 1014 982 1077 acumine
1004 1015 1076 1095 quid
1098 1022 1185 1095 poeta
1208 1015 1360 1094 scripserit

214 1115 373 1196 perspexit,
396 1114 554 1176 violentius
577 1113 745 1175 sanandum
762 1133 837 1186 esse,
860 1114 885 1174 si
907 1114 987 1175 hunc
1007 1113 1106 1176 locum
1128 1133 1197 1176 rere
1220 1123 1359 1176 sanatum

212 1215 352 1288 volueris,
373 1214 528 1292 ingeniose
547 1212 682 1274 coniecit.
719 1212 831 1274 'lamen
846 1211 920 1274 mihi
942 1211 1177 1275 emendationem
1200 1213 1359 1293 perfecisse

214 1333 275 1377 non
297 1313 420 1375 videtur.
458 1311 590 1374 Offendit
611 1311 692 1374 enim
715 1330 778 1373 non
793 1312 889 1373 solum
911 1310 1101 1374 indefinitum
1122 1312 1200 1386 emt,
1223 1330 1277 1392 pro
1300 1332 1359 1393 quo

214 1413 309 1475 multo
332 1412 424 1491 magis
446 1429 614 1492 pronomen
636 1410 783 1472 civitatem
813 1410 1024 1472 demonstrans
1050 1410 1279 1491 exspectaveris,
1307 1413 1359 1474 sed

214 1513 303 1574 etiam
331 1531 391 1594 quo
422 1529 526 1572 omnes
553 1529 626 1591 quas
653 1510 737 1572 attuli
767 1509 954 1572 coniecturae
976 1528 1019 1570 vr.
1043 1509 1091 1571 dd.
1114 1509 1303 1572 offenderunt
1327 1511 1358 1572 id

214 1609 346 1672 retinuit
390 1609 466 1671 llam
493 1617 524 1670 et
552 1603 684 1680 ἔνδείξω
709 1619 740 1671 et
761 1603 891 1689 θάρσος
918 1604 988 1670 ἐστὶ
1009 1603 1264 1679 τούξανιστάναι
1287 1629 1359 1673 sana

216 1717 296 1782 sunt,
330 1708 382 1771 sed
414 1717 449 1770 ut
480 1708 513 1769 cl
547 1704 615 1789 δρῶ
648 1715 786 1788 corrupta
819 1726 884 1769 esse
910 1714 990 1768 reete
1013 1706 1119 1769 statuit
1140 1708 1247 1787 Enger,
1279 1704 1359 1786 δίχα

214 1806 343 1882 πόλεως
364 1815 505 1888 corrupta
527 1807 695 1870 traduntur.
734 1809 822 1885 Λίχα
845 1807 926 1869 enim
948 1825 1017 1868 cum
1031 1807 1166 1886 genetivo
1189 1807 1357 1887 copulatum

214 1909 287 1972 nihil
309 1909 387 1970 ahud
418 1907 474 1970 nisi
501 1909 672 1987 separatim,
697 1907 805 1988 procul
825 1926 853 1980 o,
880 1910 940 1968 sirie
961 1907 1053 1976 valet,
1081 1923 1143 1967 non
1172 1910 1297 1979 indum,
1326 1916 1360 1969 ut

212 2007 330 2068 Ellendt
364 2015 393 2068 et
424 2005 531 2086 reliqui
563 2005 657 2085 intpp.
674 2006 788 2067 volunt.
803 2005 847 2066 Ai.
870 2005 949 2067 enim
969 2024 995 2066 v.
1013 2003 1084 2078 768,
1119 2024 1208 2085 quem
1241 2005 1359 2068 Ellendt

213 2112 332 2185 praeter
354 2124 424 2166 eum
447 2121 534 2184 quern
556 2111 718 2165 tractamus
740 2103 818 2173 citat,
841 2100 920 2182 δίχα
941 2102 1034 2166 θεῶν
1056 2104 1166 2166 directe
1188 2105 1359 2185 oppositum

213 2214 258 2266 est
272 2225 298 2265 v.
315 2203 376 2266 767
393 2204 490 2274 θεοῖς
510 2197 595 2284 ὁμοῦ
617 2210 647 2263 et
662 2223 689 2264 v.
706 2202 767 2264 765
784 2199 844 2263 cdv
859 2201 966 2286 deff)
990 2203 1089 2282 itaque
1112 2221 1196 2264 suam
1220 2202 1275 2264 sihi
1298 2205 1358 2264 vim

212 2303 350 2366 vindicat.
388 2301 499 2364 Usitata
516 2308 613 2363 autem
638 2300 666 2363 vi
688 2301 737 2362 hie
751 2300 882 2381 positum
904 2300 1082 2362 sententiam
1097 2301 1196 2363 reddit
1216 2302 1357 2381 ineptam.

214 2405 322 2466 Senem
345 2401 426 2463 enim
452 2399 633 2462 imbecillum
661 2399 707 2462 vir
735 2400 823 2460 etiam
852 2399 918 2460 sine
945 2399 1052 2461 civium
1075 2399 1183 2462 auriho
1205 2401 1286 2462 solus
1308 2418 1359 2462 re-

212 2503 323 2584 pellere
352 2501 458 2582 potuit.
502 2500 587 2573 Quod
611 2517 680 2560 vero
703 2497 894 2580 potissimum
923 2510 983 2570 est,
1015 2499 1081 2579 quis
1103 2517 1164 2562 non
1186 2499 1265 2561 ridet
1286 2499 1359 2561 eivi-

214 2610 313 2672 tatem,
347 2595 407 2682 τὴν
440 2593 568 2672 redire,
589 2616 713 2678 prorsus
748 2616 810 2659 non
837 2598 996 2662 convenire
1018 2597 1049 2658 in
1072 2597 1240 2661 membrum
1263 2599 1358 2678 prius,

213 2701 307 2762 multo
320 2699 419 2779 aptius
430 2698 504 2760 adici
516 2697 608 2759 verbo
619 2695 776 2768 ἐνδείξωῒ
798 2697 922 2759 Cuinam
943 2691 1037 2761 incola
1048 2698 1162 2760 lacinus
1175 2698 1279 2778 Oedipi
1296 2707 1359 2759 erat

214 2796 389 2861 delaturus?
433 2798 546 2878 Nempe
567 2797 685 2859 civitati.
730 2796 854 2858 Maxime
876 2815 946 2858 vero
978 2797 1011 2857 ci
1046 2793 1113 2878 δρῶ
1147 2815 1209 2858 non
1241 2796 1358 2859 admitti

213 2915 302 2976 posse
325 2904 355 2957 et
375 2892 434 2978 τὴν
457 2889 558 2956 πόλιν
578 2895 611 2955 in
627 2894 797 2957 membrum
813 2895 964 2974 posterius
986 2895 1183 2957 inserendum
1206 2915 1272 2957 esse
1286 2914 1357 2975 pro-

214 2995 284 3056 bare
306 2991 379 3054 mihi
401 2992 540 3053 videntur
560 2992 604 3053 illi
625 2991 755 3071 paralleli
777 2998 810 3052 ut
833 2991 873 3053 ita
895 2992 991 3054 dicam
1013 3010 1057 3052 vr.
1075 2991 1114 3052 77
1123 3011 1188 3074 sqq.

314 3136 417 3204 aleco
439 3131 513 3220 μέν’
536 3128 640 3218 οὗπερ
662 3131 824 3220 nepem,
848 3139 910 3211 ἕως
930 3133 995 3216 ἐγώ

313 3232 423 3302 cotod'
445 3229 571 3300 ἐνθάδ’
593 3230 703 3314 αὐτοῦ,
725 3257 771 3318 pap
793 3231 864 3298 κατ’
887 3232 983 3311 ἄστυ,
1006 3233 1166 3320 δημόταις

314 3335 396 3409 λέξω
418 3330 494 3398 τάδ’
516 3330 639 3398 ἐλθών.
684 3331 757 3397 οἵδε
779 3333 842 3418 γὰρ
865 3333 1015 3418 κρινοῦσί
1038 3349 1093 3398 σοι

315 3435 346 3498 el
367 3431 427 3519 χρή
449 3449 488 3498 oe
508 3436 644 3518 μίμνειν
664 3429 685 3516 ἢ
707 3431 918 3516 πορεύεσθαι
940 3426 1056 3496 πάλιν.

213 3585 296 3647 Sicut
318 3584 397 3645 enim
420 3585 515 3646 incola
537 3583 583 3646 his
598 3585 732 3647 versibus
754 3584 864 3646 indicat
886 3603 919 3646 se
941 3584 1055 3646 lacinus
1071 3582 1175 3662 Oedipi
1190 3584 1357 3645 delaturum

215 3703 280 3746 esse
301 3680 472 3752 tribulibus,
495 3691 528 3743 ut
549 3683 590 3758 hi,
613 3702 675 3744 non
698 3683 818 3756 urbani,
841 3683 1051 3754 Athenienses,
1074 3682 1234 3744 decernant
1256 3690 1355 3743 utrum

215 3801 336 3846 manere
358 3781 464 3844 debeat
485 3799 523 3842 an
546 3782 687 3843 recedere
703 3780 844 3861 Oedipus,
867 3782 976 3843 diserte
992 3782 1130 3859 delegans
1152 3781 1188 3841 ad
1204 3799 1248 3840 vv.
1265 3780 1304 3840 47
1310 3798 1356 3860 sq.

214 3883 311 3945 verbis
326 3878 370 3964 μὴ
385 3874 458 3942 κατ’
475 3875 566 3954 ἄστυ,
589 3898 659 3942 nam
675 3880 798 3942 mumvit
819 3880 986 3954 consilium,
1008 3879 1052 3940 sic
1067 3898 1112 3939 vv.
1129 3879 1219 3959 d'lsq.
1236 3898 1356 3960 quoque

214 4003 246 4044 se
268 3981 377 4043 civitati
400 3977 567 4041 delaturum
601 3997 665 4040 esse
698 3979 774 4042 dicat
805 3997 929 4041 necesse
959 3987 1017 4051 est,
1049 3985 1083 4039 ut
1113 3976 1186 4040 ha'ec
1219 3979 1356 4041 decernat

282 4221 307 4286 ¹⁸)
333 4219 403 4286 Onne
430 4221 512 4288 prima
537 4235 568 4272 ac
593 4219 697 4287 propria
724 4219 752 4269 vi
778 4224 900 4285 usurpata
922 4231 979 4270 esse
997 4219 1121 4271 concedes
1138 4231 1234 4270 memor
1251 4219 1356 4271 llomeri

214 4310 364 4372 poematum,
382 4301 473 4370 quihus
491 4302 529 4354 dii
546 4302 667 4353 heroibus
686 4309 714 4352 nt
731 4301 849 4352 Minerva
868 4299 940 4353 Ulixi
958 4300 1050 4368 Odyss.
1063 4299 1131 4364 Xlll,
1144 4302 1202 4364 301,
1219 4300 1248 4352 ll.
1259 4300 1355 4367 XXlll,

215 4385 265 4436 782
284 4392 310 4435 et
327 4385 442 4436 Diomedi
460 4383 488 4434 ll.
502 4383 535 4448 V,
554 4386 600 4436 185
609 4400 655 4450 sep,
672 4383 777 4448 SOOsq,
793 4383 900 4449 835sqq.
924 4379 959 4448 X,
972 4381 1065 4448 278sq.
1088 4390 1116 4433 et
1131 4383 1230 4433 Achilli
1247 4381 1276 4433 ll.
1292 4382 1354 4448 XX,

215 4467 315 4533 Odsqq„
332 4463 416 4530 XXll,
429 4465 546 4532 21tsqq,
564 4465 669 4516 llectori
680 4465 773 4532 Apollo
786 4463 815 4515 ll.
827 4463 887 4529 XV,
899 4465 1017 4531 lbdsqq,
1030 4465 1080 4515 307
1092 4471 1119 4515 et
1130 4463 1196 4515 Ares
1209 4464 1237 4515 ll.
1252 4467 1283 4529 V,
1295 4465 1354 4531 595,

215 4548 318 4616 OOOsq,
335 4549 367 4599 ad
384 4547 452 4598 latus
468 4553 537 4598 stare
554 4547 682 4610 dicuntur,
699 4553 729 4596 ct
746 4545 821 4626 simul
839 4561 883 4598 eos
902 4546 1016 4598 excitent
1033 4553 1109 4613 atquo
1126 4554 1253 4599 tueantur.
