3248 5142
734 371 955 474 -ssro-

352 588 466 651 Cborus
489 587 629 650 accedens
651 588 687 649 ad
710 589 939 668 Neoptolemum
955 588 1080 668 quaerit,
1103 587 1174 668 quid
1197 587 1222 648 ei
1239 587 1410 662 subserviat,

268 689 319 768 qui
342 688 518 767 respondet:
547 692 653 766 ‘aspice
672 697 758 750 antea
783 689 904 768 fidenter
925 697 1052 759 antrum,
1074 689 1152 767 [orte
1172 690 1248 748 onim
1266 689 1296 748 id
1317 691 1410 767 captu

267 797 299 846 at
313 787 365 848 ubi
378 789 469 848 veniet
483 786 645 859 Philocteta,
660 786 740 848 hacco
754 805 793 850 eac
808 797 892 848 antro
907 787 1004 848 recede
1020 785 1110 866 daque
1126 804 1250 865 operam,
1265 795 1297 848 ut
1309 803 1365 865 pro
1379 805 1412 850 ra

265 895 335 946 nata
354 885 425 946 mibi
441 884 572 946 mroias’.
612 884 741 946 Chorus:
776 890 853 946 ‘rem
874 885 953 946 iubes
971 886 1031 946 iam
1055 885 1104 946 diu
1129 885 1294 948 nuditatum
1319 881 1411 948 mibi’.

267 985 442 1063 Sequuntur
467 983 552 1046 verba
574 1002 590 1044 a
614 983 762 1063 plerisque
784 1001 921 1063 perverse
943 983 1104 1046 intellecta:

365 1093 425 1157 νῦν
444 1085 478 1156 δ’
499 1092 574 1176 ἐμοὶ
596 1089 680 1180 λέγ’,
703 1089 806 1168 aalide
827 1097 929 1166 ποίας
949 1091 1079 1175 ε”νεδρος
1137 1113 1181 1156 vv.
1200 1092 1261 1156 152
1271 1112 1338 1174 sqq.

366 1195 453 1256 ναίει
476 1193 533 1254 καὶ
556 1192 663 1276 χῶρον
681 1188 745 1256 τίν’
767 1191 834 1273 ἔχει
851 1227 892 1236 —-
905 1227 947 1235 -

365 1293 416 1363 τίς
435 1287 538 1365 τόπος
558 1287 578 1373 ἢ
599 1293 650 1364 τίς
671 1289 770 1373 ἕδρας

266 1407 394 1479 Auctore
416 1418 495 1478 enim
518 1417 667 1479 Schultzio
690 1417 744 1489 vel,
771 1417 796 1478 si
821 1414 970 1478 Wundero
993 1415 1082 1476 fidem
1106 1416 1225 1489 habeas,
1254 1415 1410 1478 Matthiaco

266 1508 370 1587 αὐλός
392 1524 421 1576 et
443 1512 542 1596 ἕδραν
564 1517 601 1577 ad
616 1515 827 1578 habitationem
850 1515 1024 1576 sollemnem
1044 1515 1232 1590 Philoctetae,
1253 1515 1360 1597 χῶρον
1382 1523 1412 1576 et

265 1611 371 1675 τόπον
396 1615 432 1676 ad
466 1614 574 1683 locum,
606 1613 637 1674 in
667 1633 726 1694 quo
749 1633 817 1676 eum
841 1612 968 1674 maxime
990 1623 1136 1685 versatur,
1166 1616 1309 1676 referunt.
1354 1615 1410 1676 Sed

265 1732 357 1792 quum
381 1729 549 1791 pronomen
570 1712 812 1791 interrogativum
831 1719 929 1786 ποῖος
950 1713 1010 1774 hoc
1031 1713 1096 1775 loco
1118 1713 1199 1774 idem
1216 1713 1308 1775 valeat
1323 1723 1411 1792 atque

264 1813 326 1884 τίς,
343 1811 422 1890 quod
438 1819 557 1891 atquae
573 1818 741 1890 sequuntur
754 1810 861 1894 χῶρον
875 1805 941 1873 τιν’
959 1809 1025 1890 ἔχει
1041 1812 1124 1892 quasi
1145 1810 1180 1872 ἐκ
1197 1809 1411 1894 παραλλήλου

265 1909 363 1989 posita
380 1917 409 1970 et
424 1905 473 1982 τίς
487 1907 591 1983 τόπος
606 1905 626 1991 ἢ
641 1912 692 1981 τίς
708 1907 789 1992 ἕδρα
804 1930 831 1969 v.
851 1911 911 1970 157
926 1919 1064 1991 arguunt,
1080 1912 1189 1972 chorus
1204 1919 1269 1972 tum
1285 1919 1409 1990 rogaret.

265 2027 411 2088 quaenam
435 2017 513 2069 esset
534 2009 716 2070 Philoctetae
738 2008 878 2071 habitatio
901 2011 947 2072 vel
970 2009 1021 2071 ubi
1043 2007 1196 2070 habitaret.
1230 2007 1315 2080 Quod
1338 2009 1409 2094 ferri

264 2125 325 2168 non
349 2115 455 2187 potest.
502 2101 576 2168 Nam
605 2125 785 2187 quamquam
813 2109 921 2171 chorus
950 2109 1053 2189 (quem
1081 2125 1138 2169 una
1169 2123 1236 2168 eam
1266 2107 1348 2170 Ulixe
1380 2116 1411 2168 et

263 2205 460 2286 Neoptolemo
493 2223 685 2286 progressum
713 2225 780 2268 esse
809 2215 931 2288 propter
954 2228 987 2270 ca
1014 2206 1207 2269 statuendum
1242 2213 1297 2276 est,
1331 2205 1409 2285 qaod

265 2303 328 2364 eius
345 2300 495 2386 πάροδος
510 2305 560 2384 qni
582 2316 704 2366 vocatur
727 2304 849 2367 omnino
873 2307 968 2382 deest)
992 2323 1172 2386 quamquam
1187 2303 1278 2384 igitar
1291 2305 1410 2366 illorum

265 2402 428 2464 diverbium
450 2421 512 2464 non
534 2403 693 2474 audiverat,
728 2407 808 2485 quod
832 2413 953 2485 apparet
975 2427 991 2467 c
1013 2426 1039 2466 v.
1060 2403 1128 2476 158,
1151 2421 1210 2484 quo
1233 2410 1318 2484 rogat
1332 2403 1409 2466 sitne

264 2501 345 2563 intus
368 2519 405 2563 an
428 2503 500 2563 ioris
522 2502 693 2574 Philocteta,
720 2497 786 2564 τίν’
813 2501 880 2582 ἔχει
906 2507 1022 2584 στίβον
1047 2499 1186 2566 ἔναυλον
1211 2523 1231 2584 η
1252 2504 1408 2582 δορατον,

265 2619 358 2680 quum
390 2600 521 2680 alioquin
552 2620 568 2661 e
598 2599 719 2662 diverbii
743 2619 786 2662 vv.
805 2602 846 2662 29
857 2621 922 2682 sqq.
946 2603 1017 2664 satis
1040 2609 1227 2682 compertum
1257 2601 1409 2662 habuisset

265 2717 326 2760 non
349 2717 415 2760 esse
438 2699 518 2761 domi
540 2699 690 2773 claudum;
723 2707 824 2762 tamen
854 2720 974 2764 necesse
996 2707 1040 2761 est
1068 2719 1136 2762 eum
1164 2699 1276 2780 optime
1299 2717 1408 2778 cogno-

264 2798 341 2859 visse
363 2797 419 2858 sibi
441 2797 668 2877 Neoptolemum
691 2799 889 2861 adiuvandum
912 2819 976 2862 esse
1003 2799 1034 2861 in
1055 2799 1224 2861 reducendo
1247 2798 1409 2860 Philocteta

264 2895 419 2976 pertinaci.
457 2897 542 2970 Quod
566 2913 628 2957 non
644 2897 741 2958 solum
765 2916 800 2959 ex
822 2906 883 2959 tota
906 2899 970 2960 eius
993 2898 1108 2960 ratione
1124 2899 1228 2968 elucet,
1251 2897 1407 2958 sedetiam

265 3015 281 3056 e
304 2995 408 3075 primis
433 2995 529 3057 verbis
552 3014 628 3075 quae
650 2997 783 3076 loquitur
805 3016 848 3056 vv.
870 2995 927 3056 153
940 3015 985 3075 sq.
1078 3013 1081 3020 ·

364 3123 396 3181 al
418 3116 490 3203 χρή,
515 3121 546 3182 τί
568 3113 630 3202 χρή
653 3143 706 3202 με,
730 3116 884 3196 δέσποτ’,
907 3117 943 3183 ἐν
966 3119 1042 3200 ξένα
1065 3118 1158 3191 ξένον

365 3221 493 3297 στέγειν
514 3216 534 3302 ἢ
552 3220 584 3280 τί
607 3217 716 3296 λέγειν
738 3217 841 3301 πρός
864 3215 975 3302 ἄνδρ’
998 3213 1202 3294 tinomao,-

264 3349 329 3420 Qna
365 3347 492 3410 efficitur
525 3357 559 3410 ut
589 3349 776 3428 Neoptolemi
803 3349 890 3411 verba
913 3369 958 3410 vv.
984 3349 1043 3410 144
1061 3368 1135 3428 sqq,
1164 3348 1271 3428 quibus
1301 3347 1408 3408 choras

263 3454 382 3508 autrum
406 3447 499 3513 uisere
521 3447 649 3518 iubetur,
673 3446 709 3510 ab
732 3449 790 3508 boc
811 3466 873 3510 non
894 3448 1026 3526 intellegi
1049 3465 1110 3508 non
1133 3447 1251 3527 possint
1272 3448 1309 3508 de
1323 3455 1407 3508 antro

263 3545 453 3608 Philoctetae.
498 3546 586 3607 Novit
608 3564 678 3624 argo
701 3547 809 3608 choras
832 3554 868 3608 ex
894 3547 941 3609 bis
964 3546 1060 3609 verbis
1086 3555 1217 3618 antrum,
1245 3547 1325 3627 quod
1355 3547 1435 3608 ad·-

264 3643 425 3724 spiciebal,
449 3645 680 3708 Philoctetaeum
703 3665 778 3707 esse.
821 3646 960 3726 Ineptum
982 3664 1052 3724 ergo
1074 3653 1120 3708 cst
1143 3645 1267 3708 chorum
1294 3663 1407 3725 rogare,

263 3761 339 3821 quae
361 3743 425 3805 eius
448 3744 486 3806 sit
508 3743 658 3807 habitatio.
703 3744 779 3806 Tum
810 3744 934 3806 minime
957 3763 1079 3806 neccsse
1109 3752 1155 3806 est
1178 3764 1195 3806 e
1217 3744 1313 3806 verbis
1335 3744 1408 3826 ipsis

263 3859 328 3902 eam
351 3861 427 3920 quae
449 3843 536 3920 vulgo
559 3843 704 3905 subicitm·
727 3844 906 3906 sententiam
929 3845 1088 3906 enucleari.
1132 3844 1175 3904 De
1197 3844 1278 3906 verbi
1299 3845 1408 3906 ναίειν

266 3939 293 4001 vi
314 3957 348 4000 ac
369 3939 584 4018 significatione
613 3943 711 4004 forte
740 3941 917 4003 versandi
944 3942 980 4003 cl.
1005 3962 1080 4023 quae
1103 3942 1268 4002 attulerunt
1289 3942 1408 4004 Ellendt

263 4047 294 4099 et
321 4038 436 4098 Gontbe
469 4039 500 4100 in
532 4041 625 4102 lexico
653 4041 826 4121 Sophocleo.
874 4035 971 4123 Λύλή
1001 4040 1037 4102 ab
1065 4041 1218 4102 Athenaeo
1248 4059 1277 4120 p.
1299 4039 1407 4114 taut

264 4131 315 4216 (ὁ)
332 4132 571 4220 διαπνεόμενος
585 4136 690 4211 τόπος
705 4139 822 4200 dicitur.
859 4138 1007 4201 Locorum
1028 4139 1119 4218 igitur
1138 4139 1299 4216 agrestium
1314 4140 1407 4219 signi·

263 4236 370 4308 ficatio,
404 4254 480 4315 quae
502 4237 651 4317 primitiva
679 4237 826 4300 Ellendtio
854 4239 1069 4312 videturesse,
1101 4236 1150 4298 bic
1177 4238 1269 4319 accipi
1298 4245 1405 4318 polest.

263 4335 328 4407 Quo
359 4353 426 4396 vero
457 4336 584 4398 maxime
612 4336 887 4400 nituntu1·vv.dd.
915 4337 1057 4399 adiectivo
1086 4333 1232 4417 ἔνεδρος,
1256 4336 1407 4400 animala

262 4433 433 4505 inhabitans,
456 4434 512 4495 boc
535 4452 596 4496 non
618 4435 738 4514 proprie
759 4435 887 4500 incolam
903 4435 1047 4516 significat
1062 4455 1159 4516 neque
1178 4433 1405 4510 inhabitantem,

249 4521 316 4594 'sed
338 4551 430 4612 quum
455 4531 535 4613 ἕδρα
561 4533 655 4608 εοδοε,
677 4535 760 4596 locus
783 4532 1025 4598 commorationis
1047 4534 1096 4608 sit,
1126 4531 1256 4617 ἔνεδρος
1281 4542 1326 4596 est
1348 4534 1405 4596 in-
