3248 5142
657 409 878 474 ..33-

296 575 371 648 ἆλλ’
395 580 578 665 ίξιρεονᾶν·
600 584 659 648 νῦν
681 581 713 648 δ’
735 582 811 649 ἐπεὶ
833 585 919 666 κορῶ
939 581 969 647 τ’
992 583 1068 663 ἐγώ,

298 678 382 760 ἔχων
402 679 464 765 μὲν
486 678 599 766 ἀρχάς,
622 677 663 756 δὶς
684 679 810 758 ἐκείνας
831 684 899 762 εἶχε
921 679 1009 768 πρίν,

298 777 381 860 ἔχων
403 779 440 844 δὲ
462 778 579 864 λέκτρα
600 780 657 844 καὶ
679 779 810 862 γυναῖχ’
833 777 1028 866 ὁμόσπορον

299 880 416 944 κοινῶν
436 902 472 943 τε
493 878 627 944 παίδων
648 877 733 945 κοίν’
756 877 809 957 ἄν,
834 875 864 947 εί
886 886 981 966 κείνῳ
1003 882 1095 960 γένος

297 977 341 1063 μη
360 974 586 1064 δυστύχημα,
609 974 649 1064 ἦν
670 977 712 1045 ἄν
734 979 947 1065 ἐκπεφυκότα
967 1015 1010 1026 -

297 1077 356 1142 νῦν
378 1073 410 1141 δ’
433 1075 466 1153 ἐς
487 1075 525 1142 τὸ
549 1079 658 1144 κείνου
680 1075 774 1164 κρᾶτ’
796 1074 935 1164 ἐνήλαθ’
958 1075 979 1164 η“
1001 1075 1095 1162 τύχη·

298 1171 380 1240 ἀνθ’
402 1169 449 1241 ὧν
471 1174 534 1254 ε’μιδ
556 1171 644 1253 τάδ’,
668 1173 812 1261 danapri
834 1173 956 1261 τούμοῦ
979 1175 1118 1262 πατρός,

298 1269 554 1359 δπερμαχοῦμαι
576 1271 660 1340 κάπὶ
682 1273 783 1342 πάντ’
806 1274 970 1362 ἀφίξομαι
1290 1277 1340 1328 265

302 1371 404 1459 ζητῶν
424 1374 483 1438 τὸν
503 1370 680 1460 αὐτόχειρα
701 1377 760 1440 τοῦ
782 1372 888 1459 φόνοι)
909 1371 1035 1458 λαβεῖν,

300 1473 346 1557 τῷ
370 1470 573 1559 Λαβδακείῳ
596 1473 697 1539 παιδὶ
721 1471 923 1558 Πολυδώρου
944 1497 979 1538 τε
1000 1472 1056 1538 καί

299 1572 360 1636 τοῦ
380 1570 514 1655 πρόσθε
539 1569 678 1656 Κάδμον
700 1575 758 1638 τοῦ
780 1572 887 1638 πάλαι
907 1568 939 1636 τ’
957 1568 1141 1658 Ἀγήνορος.
1291 1573 1347 1648 268,

301 1668 364 1749 ε’γιδ
386 1671 447 1754 μὲν
469 1668 528 1736 οὖν
549 1672 683 1736 τοίοσδε
704 1673 750 1757 τῷ
771 1696 806 1736 τε
827 1670 965 1754 δαίμονι
1237 1671 1242 1683 “
1293 1671 1342 1724 ²44

299 1792 344 1855 τῳ
366 1766 396 1832 τ’
419 1764 518 1855 οἷνδρὶ
540 1771 586 1856 τῷ
607 1768 749 1837 θανόντι
771 1770 942 1855 σύμμαχος
964 1770 1065 1834 πέλω.
1294 1770 1343 1822 245

300 1864 380 1952 ὑμῖν
402 1867 440 1932 δὲ
460 1879 531 1944 τοῖς
553 1867 693 1934 ἄλλοισι·
714 1863 947 1964 Καδμείοις,
928 1887 1021 1944 οσοις
1293 1869 1343 1920 273

301 2089 356 2146 χοι
378 2065 500 2142 πάντες
522 2090 557 2131 ευ
544 2063 705 2142 ξονετεν
724 2067 833 2131 εἰσαεὶ
854 2070 943 2133 θεοί.
991 2132 994 2137 ,
1295 2065 1344 2116 275

203 2268 494 2332 Adnotationes:

290 2387 315 2430 v.
340 2368 413 2430 217.
458 2369 586 2432 Verbum
614 2360 791 2452 ὑπηρετεῖν
817 2378 864 2433 est
886 2386 941 2430 vox
967 2386 1043 2449 quae
1065 2367 1173 2430 dieitur
1195 2364 1291 2429 media
1314 2326 1345 2426 et

202 2467 260 2530 hoo
295 2468 360 2531 loeo
396 2467 477 2530 idem
512 2468 592 2549 quod
626 2476 763 2532 nostrum
788 2466 939 2542 ebhellen,
975 2466 1149 2530 Latinorum
1186 2464 1344 2530 subvenire

204 2567 290 2639 malo,
311 2567 446 2630 subsidio
462 2586 537 2641 esse,
560 2567 596 2630 of.
614 2567 696 2633 Caes.
711 2568 779 2630 hell.
795 2568 867 2630 Gall.
883 2567 920 2641 ll,
933 2567 985 2640 20,
1001 2566 1035 2630 3:
1059 2567 1106 2628 hia
1122 2564 1344 2629 difficultatibus

201 2665 277 2729 duae
298 2685 345 2730 res
368 2673 451 2729 erant
473 2666 615 2741 subsidio,
637 2667 759 2730 seientia
782 2675 872 2749 atque
893 2685 966 2730 usus
987 2667 1125 2730 rnilitum.
1167 2665 1254 2728 Plinii
1275 2664 1344 2728 hist.

203 2774 300 2828 natur.
316 2763 367 2840 22,
383 2766 423 2827 25
439 2766 506 2846 (61)
529 2767 732 2833 subvenire
754 2767 889 2830 morbo.

287 2885 313 2926 v.
335 2864 408 2926 221.
451 2863 492 2926 La
516 2862 595 2928 αὐτὸ
618 2863 663 2948 μή
692 2865 764 2928 lerri
793 2882 855 2928 non
880 2872 986 2945 potest.
1032 2865 1112 2929 Nihil
1134 2863 1215 2927 enim
1244 2861 1345 2923 indioii

201 2961 291 3026 hebet
312 2963 450 3043 Oedipus.
492 2963 590 3026 Facile
622 2972 722 3026 autem
754 2963 818 3026 fieri
845 2964 951 3042 potuit,
983 2971 1016 3029 ut
1037 2961 1225 3044 pronominis
1247 2955 1345 3033 αὐτός

203 3061 299 3140 littera
321 3061 416 3124 finalis
438 3068 606 3124 mutaretur
627 3079 658 3122 ιιι
680 3081 722 3144 μ
742 3077 896 3140 compares
918 3061 1084 3126 litterarum
1109 3078 1130 3120 o
1143 3070 1212 3141 etp
1234 3059 1345 3122 formae

203 3179 278 3241 quas
311 3170 427 3224 vooant·
448 3160 607 3241 quadratas
636 3159 718 3222 iet
741 3158 788 3222 ld.
831 3159 946 3233 Quibus
976 3159 1150 3253 permutatis
1178 3164 1344 3222 eorreotum

203 3269 250 3321 est
271 3259 307 3322 ah
329 3260 427 3341 aliquo
449 3259 569 3322 librario
593 3259 639 3322 vel
660 3257 853 3340 grammatioo
875 3259 1011 3338 suppleto
1034 3258 1125 3321 vooali
1147 3279 1167 3341 η
1190 3250 1270 3320 αὐτὸ
1290 3251 1345 3339 μή.

203 3359 312 3442 llooopi
333 3359 446 3442 igitur
444 3358 663 3424 Schneidewiui
685 3357 938 3426 emendationem.

290 3479 315 3520 v.
339 3459 401 3522 227
423 3479 478 3540 pro
501 3459 587 3523 oodd.
609 3453 776 3530 ὑπτξελων
795 3457 881 3522 Helm
902 3453 1083 3530 ὑπεξελεῖν.
1120 3457 1158 3521 m
1179 3455 1255 3518 nihil
1270 3473 1346 3534 opus

206 3563 251 3618 aot
273 3557 390 3631 mutari,
414 3577 507 3639 quum
530 3577 547 3622 e
570 3558 659 3622 verbo
681 3559 857 3640 σημαίνειν
878 3557 958 3638 quod
982 3565 1027 3620 est
1047 3556 1081 3618 in
1101 3555 1225 3637 apodosi
1239 3552 1347 3634 prioris

205 3655 318 3736 periodi
340 3657 545 3720 conditionalis
566 3657 651 3720 facile
673 3656 777 3720 audire
801 3655 896 3735 possis
917 3656 998 3721 idem
1020 3656 1066 3716 vel
1088 3654 1166 3716 aliud
1188 3650 1347 3714 aoousandi

205 3753 339 3826 verbnm,
374 3764 409 3816 ut
437 3754 585 3818 sententia
612 3754 668 3818 sit:
702 3763 746 3816 ‘ot
773 3757 801 3816 oi
826 3759 923 3818 metuit
942 3774 981 3818 oo.
1003 3753 1070 3824 otti,
1097 3754 1214 3816 ονιόιιάο
1235 3750 1347 3812 rulloto

204 3856 264 3935 ipae
289 3857 321 3916 ιἰι
347 3871 377 3916 oe
402 3873 441 3916 oo.
463 3853 598 3918 οἰιιίίοίιιοι
623 3853 740 3934 souu‘.
784 3853 877 3926 Quale
899 3853 1022 3916 verbum
1046 3871 1080 3914 eo
1102 3851 1217 3914 taoilius
1238 3870 1255 3915 ο
1278 3868 1347 3928 rege

206 3953 257 4016 hio
278 3953 376 4016 omitti
398 3960 524 4034 poterat,
553 3953 632 4032 quod
659 3961 689 4016 et
711 3954 802 4016 moris
824 3953 881 4016 luit
903 3953 1082 4016 Graecorum
1105 3957 1139 4012 ut
1161 3949 1227 4010 talis
1250 3966 1348 4010 enun-

206 4051 337 4114 tiationis
359 4053 488 4133 protasis
509 4059 561 4114 aut
582 4051 727 4132 apoduein,
750 4071 827 4134 quae
841 4052 962 4133 quidem
983 4050 1067 4115 faoile
1090 4058 1192 4115 mente
1207 4047 1347 4110 audieba-

206 4160 264 4225 tur,
299 4152 588 4232 praetermitteretur
622 4158 650 4213 et
679 4150 782 4233 Oedipi
814 4151 860 4212 vel
881 4150 1007 4215 maxime
1035 4150 1166 4222 interest,
1199 4155 1346 4226 utquam

207 4250 361 4312 celerrime
382 4251 536 4314 adseveret
557 4258 657 4314 tutum
679 4270 759 4325 eum,
781 4251 879 4331 quise
899 4250 963 4330 ipse
984 4248 1164 4321 indicaverit,
1186 4245 1346 4308 abiturum.

292 4369 320 4410 v.
343 4348 414 4412 229.
448 4369 502 4431 pro
536 4344 637 4414 ἄλλον
669 4349 772 4414 Nauolr
807 4343 954 4424 ἐλθόντ’,
989 4343 1140 4432 ἀσφαλής
1166 4345 1261 4418 eadat,
1298 4365 1348 4426 γρ

207 4442 356 4530 ἀβλαβής
378 4468 418 4510 m.
440 4468 497 4512 reo
520 4450 573 4512 La.

292 4567 319 4610 v.
343 4547 415 4612 230.
448 4548 560 4612 retinui
587 4549 673 4612 codd.
700 4545 736 4621 ἐξ
760 4556 859 4630 spreta
884 4545 1062 4614 Vauvillersii
1085 4537 1290 4626 mutationep
1307 4536 1348 4614 ’.ξ

261 4646 417 4702 Mueller,
438 4647 578 4707 Sophocleo
1172 4645 1190 4699 3
