3248 5142
667 408 888 470 ..67-

304 575 522 666 ιιοορίδιον
545 583 761 645 ποθέουσα
789 579 933 656 πόσιν,
956 579 1014 644 τὸν
1036 579 1173 666 ἄριστον
1192 585 1345 663 Λχαιῶν,

303 673 432 764 ἰφθίμη
457 677 574 760 ἄλοχος
597 677 785 764 Διομήδεος
809 672 1033 763 ἱπποδάμοιο.
1092 735 1095 742 .

203 794 241 856 Et
262 794 398 856 similiter
420 793 523 855 Aesch.
540 793 622 855 Pers.
638 813 681 855 vv.
701 791 760 856 135
768 813 832 875 sqq.

305 904 423 987 λέκτρα
445 899 479 967 δ’
503 898 632 987 ἀνδρῶν
653 897 757 989 πόθῳ
781 904 976 988 πίμπλαται
999 901 1215 988 δακρύμασιν,

304 1001 469 1087 Περσίδες
491 999 524 1066 δ’
547 996 773 1085 άιιροπενδεϊς
795 1007 916 1067 ἕκαστα
939 1001 1041 1088 πόθῳ
1064 1001 1222 1088 φιλάνορι

305 1100 361 1164 τὸν
383 1101 565 1185 αἰχμάεντα
588 1103 709 1185 θοῦριν
732 1097 882 1185 εὖνατῆρ’
906 1099 1181 1186 ἀποπεμψαμένα

305 1199 456 1263 λείπεται
478 1194 582 1284 μονάζ
601 1200 627 1273 ξ.

291 1333 317 1374 v.
336 1315 406 1374 145.
444 1313 576 1374 Deianira
594 1314 720 1376 maxime
735 1314 771 1375 de
788 1313 918 1374 Herculis
940 1313 1060 1374 fortuna
1083 1313 1246 1388 sollicitata,
1270 1316 1349 1396 qnod

207 1421 236 1476 et
254 1414 303 1475 diu
325 1413 382 1474 iam
405 1411 506 1473 aberat
529 1419 557 1472 et
579 1412 616 1473 de
639 1413 694 1473 hoc
715 1412 780 1491 ipso
803 1410 925 1472 absente
946 1421 1056 1473 sortem
1072 1412 1199 1475 habebat
1213 1413 1350 1493 gravissi-

207 1532 296 1585 mam,
318 1509 464 1590 virginum
486 1511 711 1572 Trachiniarum
735 1512 826 1572 choro
849 1529 923 1590 quae
946 1529 1034 1573 suum
1057 1511 1191 1574 animum
1215 1523 1351 1576 moveant

208 1611 336 1690 exponit.
373 1610 484 1680 Exorsa
507 1621 606 1672 antem
621 1610 746 1671 chorum
763 1610 840 1671 haud
862 1609 952 1670 dubie
974 1609 1087 1684 adesse,
1109 1610 1187 1690 quod
1211 1629 1351 1690 angorem

207 1727 296 1771 sunm
318 1709 354 1770 de
378 1707 501 1776 absente
521 1707 627 1769 marito
654 1707 812 1779 audiverit,
841 1708 911 1770 dicit
934 1716 1118 1789 quantopere
1139 1710 1259 1771 animus
1280 1729 1352 1773 suus

208 1809 369 1880 conentur,
392 1807 464 1868 velle
486 1826 519 1868 se
538 1825 577 1869 ne
599 1815 780 1888 cognoscant
802 1815 940 1886 expertae
962 1815 991 1868 et
1013 1824 1094 1869 nnnc
1116 1827 1164 1870 eas
1186 1809 1352 1888 inexpertas

208 1927 283 1969 esse.
329 1906 492 1968 Continuat

308 2016 346 2080 τδ
368 2015 431 2098 γὰρ
454 2012 570 2088 νεάζον
592 2014 627 2078 ἓν
648 2011 798 2077 τοιοῖσδε
820 2013 976 2096 βόσκεται

308 2112 466 2199 χάροισιν
487 2110 604 2189 αὐτοῦ,
628 2115 684 2174 καί
706 2134 760 2176 νιν
782 2109 819 2176 οὐ
841 2111 977 2188 θάλπος
997 2116 1083 2179 θεοῦ

310 2209 382 2278 οὐδ’
406 2211 528 2296 ὄμβρος
551 2207 628 2275 οὐδὲ
651 2209 850 2293 πνευμάτων
872 2209 968 2277 οὐδὲν
989 2211 1108 2277 adoret.

209 2330 274 2403 Quo
296 2329 327 2389 in
350 2327 447 2388 medio
469 2344 556 2388 versu
579 2326 751 2406 explicando
772 2326 861 2386 schol.
879 2325 963 2387 Laur.
986 2327 1096 2388 frustra
1118 2345 1238 2408 operam
1263 2327 1353 2398 dedit,

208 2437 326 2490 tantum
349 2426 379 2487 id
402 2424 492 2486 modo
514 2423 600 2486 nobis
627 2431 794 2486 memoratu
826 2423 949 2502 dignum
984 2426 1105 2488 tradens
1137 2427 1210 2488 alios
1243 2421 1354 2500 αὐτοῦ,

210 2528 283 2588 alios
312 2521 414 2588 αὑτοῦ
440 2523 584 2597 scribere,
613 2521 650 2586 τὸ
679 2519 711 2585 δ’
739 2514 843 2585 αὐτοῦ
870 2543 957 2596 τινες
978 2523 1120 2608 potede.
1143 2519 1199 2586 καὶ
1220 2524 1357 2587 νοοῦσιν

210 2619 349 2686 αὐτόθι·
383 2621 467 2689 ἔνιοι
501 2625 539 2689 δὲ
571 2624 773 2689 decoronare
806 2620 878 2686 ἀντὶ
911 2622 970 2685 τοῦ
1004 2620 1130 2685 ἑαυτοῦ.
1181 2622 1259 2684 Ηίοο
1291 2624 1355 2684 οοδ.

211 2724 298 2786 Laut.
320 2743 335 2785 a
359 2718 461 2787 άῦτοῢ
483 2745 550 2787 cum
574 2725 682 2806 duplici
706 2725 822 2804 spiritu.
861 2725 898 2784 m
921 2741 1012 2802 quum
1040 2741 1209 2802 pronomen
1232 2722 1355 2783 demon·

211 2822 364 2885 strativum
387 2822 537 2885 τοιοῖσδε
559 2823 722 2886 enuntiatio
737 2824 856 2884 relativa
872 2820 958 2900 sequi
974 2819 1086 2893 debeat,
1110 2837 1169 2898 quo
1185 2818 1358 2897 designetur

212 2922 313 3001 quales
335 2921 416 2981 locos
439 2921 576 2982 Deianira
598 2921 727 2998 intellegi
749 2921 832 2992 velit,
861 2936 971 2981 nomen
994 2909 1152 2998 χάροισιν
1174 2917 1205 2977 in
1226 2913 1356 2998 χάροις,

214 3015 258 3082 ἵν’
282 3019 384 3081 dividit
405 3018 566 3097 llusgrave,
588 3019 617 3080 id
641 3019 719 3098 quod
744 3017 884 3079 omnibus
906 3016 969 3078 iere
991 3015 1041 3095 qui
1065 3014 1242 3094 Sophoclem
1264 3014 1358 3075 inter-

213 3124 370 3200 pretantur
391 3117 534 3196 probavit.
581 3117 643 3190 Qua
666 3116 821 3196 Mnsgravii
852 3113 1019 3175 coniectura
1049 3120 1166 3192 recepta
1190 3113 1357 3174 membrum

213 3217 366 3280 relativum
396 3215 523 3284 efficitur
553 3207 599 3277 ἵν’
628 3206 729 3276 αὑτοῦ
757 3233 797 3294 so.
828 3204 919 3276 ἐστίν
944 3212 963 3272 i.
988 3231 1014 3274 e.
1043 3212 1110 3272 ‘uti
1133 3215 1181 3274 sut
1202 3215 1272 3274 t'ort‘s
1297 3209 1359 3273 cst’.

215 3316 271 3378 Sed
306 3315 420 3395 puellae
446 3314 524 3375 haud
553 3331 701 3393 quaquam
736 3313 784 3374 sui
811 3311 883 3373 iuris
912 3310 967 3372 dici
995 3318 1130 3390 possunt.
1175 3311 1252 3374 Sunt
1280 3310 1359 3372 enim

215 3434 306 3496 aeque
329 3413 360 3475 in
382 3420 529 3494 potestate
554 3420 712 3492 parentum
746 3419 835 3492 atque
868 3409 1008 3473 mulieres
1040 3409 1071 3470 in
1104 3409 1152 3472 illa
1185 3409 1360 3470 maritorum

215 3530 314 3591 neque
335 3512 366 3572 in
388 3511 582 3592 sequentibus
606 3511 740 3572 lleianira
763 3508 964 3572 conditionem
989 3525 1073 3568 snam
1097 3506 1231 3570 Herculis
1254 3507 1360 3568 volun-

215 3610 269 3671 tati
292 3607 451 3670 obnoxiam
476 3609 620 3687 queritur,
643 3611 694 3671 sed
719 3625 804 3670 curas
826 3615 915 3687 atque
937 3605 1110 3677 anxietates,
1134 3603 1242 3685 quibus
1265 3605 1302 3666 de
1325 3625 1360 3666 eo

217 3707 383 3769 afflictatur.
429 3707 599 3786 Comparari
626 3707 717 3786 igitur
743 3724 804 3770 non
834 3706 897 3788 quit
919 3703 1052 3765 Tibullus
1076 3703 1112 3764 ab
1135 3702 1262 3782 Hauptio
1285 3702 1360 3765 Her-

217 3824 326 3870 manno
350 3805 382 3867 in
404 3805 581 3868 memoriam
603 3812 768 3878 revocatus,
790 3803 882 3877 tuo,
901 3803 948 3875 15,
1125 3811 1127 3816 ·

317 3917 459 3997 praecipit
482 3923 512 3978 et
534 3925 621 3979 natae
643 3923 738 3978 mater
760 3915 892 3978 studiosa
917 3914 995 3994 quod
1020 3920 1113 3992 optet,

317 4015 365 4076 illa
388 4015 469 4077 aliud
490 4015 588 4084 tacita,
612 4015 669 4078 iam
693 4032 757 4088 sua,
781 4022 880 4078 mente
903 4020 997 4092 rogat.

216 4129 285 4201 Quo
307 4129 372 4189 loco
388 4135 473 4208 poeta
490 4127 645 4196 Romanus
660 4127 697 4188 de
713 4127 771 4190 iilia
793 4127 851 4189 iam
867 4124 946 4186 aliud
962 4122 1033 4203 qnid
1049 4111 1137 4203 qnam
1160 4129 1255 4184 mater
1277 4121 1363 4184 tacite

195 4243 320 4289 secum
343 4226 490 4304 cogitante
511 4225 657 4306 loquitur,
680 4224 758 4306 qnod
783 4245 799 4287 a
821 4231 925 4286 nostro
946 4222 1011 4286 loco
1035 4221 1164 4287 alienum
1187 4239 1253 4282 esse
1274 4227 1363 4300 patet.

220 4323 318 4386 Altera
351 4330 450 4387 autem
486 4325 611 4390 ollensio
644 4324 753 4404 legitur
784 4323 816 4386 in
850 4322 892 4384 eis
925 4339 1001 4401 qnae
1023 4319 1157 4400 proxima
1183 4327 1363 4399 sequuntur.

220 4423 295 4486 Nam
318 4419 447 4485 κλονεῖν
469 4423 612 4501 agitare
635 4424 672 4486 de
694 4423 790 4484 imbre
813 4419 934 4502 quidem
958 4428 991 4481 et
1011 4417 1048 4482 de
1062 4417 1156 4479 ventis
1178 4425 1257 4480 reete
1279 4435 1365 4496 prae-

221 4523 353 4595 dicatur,
384 4520 505 4584 minime
537 4540 607 4586 vero
641 4522 677 4584 de
710 4521 787 4593 sole,
818 4518 903 4582 cuius
925 4515 1151 4598 praedicationis
1183 4516 1280 4578 solum
1308 4515 1365 4579 hoc

1170 4615 1205 4670 5*
