3248 5142
736 382 958 448 ...33-

279 558 367 638 quid
390 557 632 630 arefaciendam,
666 575 735 636 ergo
769 576 831 620 non
866 567 899 620 ut
932 559 995 639 ipse
1022 559 1164 621 doceatur
1185 560 1281 638 quud
1304 559 1360 624 sibi
1382 561 1421 623 sit

280 657 456 720 laciendum.
495 657 580 729 Quod
603 657 627 719 si
650 657 778 736 denique
793 658 1005 720 sententiarum
1022 674 1165 720 conexum
1186 658 1318 740 respicis,
1340 667 1422 738 patet

280 774 402 819 sensum
436 755 561 836 requiri:
597 763 674 818 ‘nun
706 757 799 820 nudet
833 767 859 818 te
880 761 968 820 eicere
990 759 1025 820 de
1045 758 1098 820 lruc
1119 759 1183 820 sede
1204 767 1289 820 cretea
1310 759 1422 837 qudem

280 874 366 938 quum
387 854 426 917 ud
447 858 585 918 mirr'tatem
602 855 729 918 detulero
752 856 796 918 rel
819 855 881 918 sad
904 856 1028 938 potius
1050 857 1090 918 οδ
1112 859 1250 920 δοάσσατο
1269 856 1421 940 deserum'.

280 955 321 1016 lle
344 955 398 1015 hac
419 963 493 1035 part
519 955 599 1036 πρίν
620 954 649 1015 vi
671 955 707 1015 ci.
724 955 755 1015 ll.
772 955 794 1026 l,
811 954 852 1015 29
874 963 904 1016 et
925 955 1024 1016 adnot
1040 955 1168 1017 Fachsii.

365 1053 486 1115 Conicic
508 1071 578 1132 ergo
602 1051 723 1114 Nauclrii
747 1053 865 1133 vestigia
889 1062 1063 1134 persecutus

381 1205 455 1273 ἀλλ’
478 1202 552 1274 οὐδ’
575 1207 662 1290 licui
684 1229 737 1273 em
759 1205 1015 1282 τοῧξάντστάναο
1037 1205 1071 1272 σ’
1095 1208 1217 1293 ἔδρας

379 1304 496 1392 τῆσδ’
520 1304 591 1372 ἐστὶ
613 1308 754 1387 θάρσος,
777 1311 859 1392 πρίν
880 1305 913 1385 7²
937 1306 978 1371 άν
1000 1306 1134 1380 indultu
1158 1305 1290 1370 πόλει.

281 1451 451 1511 Pronomcn
485 1468 500 1510 a
535 1449 717 1512 substantivo
751 1448 930 1529 diremptum
966 1448 1081 1510 videtur
1114 1455 1147 1509 ut
1179 1447 1230 1509 ott
1247 1467 1292 1508 vv.
1309 1445 1422 1526 utusq.

281 1548 339 1631 γῆς
354 1543 367 1632 ΙΙ
383 1543 491 1631 τῆσδ’.
532 1540 628 1630 Ἐμοί
650 1570 703 1610 τοι
725 1568 741 1609 a
764 1547 899 1610 Seidlerc
921 1547 1110 1611 emendatum
1135 1566 1189 1628 pro
1216 1538 1298 1628 ἐμάν
1319 1565 1371 1607 τοι
1394 1551 1423 1605 ct

281 1647 411 1711 Nauckio
434 1645 634 1728 κακοφώνως
657 1664 767 1708 sonans
790 1646 917 1708 recurrit
939 1647 1006 1708 Ant.
1023 1665 1048 1705 v.
1065 1643 1128 1707 728
1152 1639 1251 1718 ἄναξ,
1274 1642 1348 1725 ἐμοί
1370 1664 1422 1705 τοι

281 1741 379 1828 μήτι
401 1745 457 1808 καὶ
480 1743 647 1829 θεήλατον
668 1743 735 1808 κτλ.
780 1745 845 1819 Quo
869 1747 894 1808 si
920 1746 1066 1815 offendas,
1090 1739 1166 1806 ἀλλ’
1190 1739 1267 1805 οὐδὲ
1288 1745 1349 1826 μέν
1372 1764 1423 1805 τοι

281 1866 304 1908 s.
328 1847 439 1927 μέντοι
455 1846 593 1924 corrigas.
630 1845 696 1918 Quo
716 1846 794 1906 facto
816 1845 962 1907 sententia
986 1843 1125 1906 efficitur:
1150 1851 1251 1925 ‘neque
1265 1860 1332 1905 cern
1350 1861 1422 1923 pro-

279 1947 355 2028 [τσο
377 1957 402 2008 te
425 1943 562 2026 depellere
577 1943 677 2015 criden,
699 1962 786 2024 quarn
810 1945 874 2006 loco
890 1943 1052 2005 convenire
1068 1943 1118 2022 qui
1140 1941 1261 2004 diverbii
1277 1942 1421 2003 rationem

281 2043 473 2125 perpenderit
497 2041 614 2104 videbit
659 2043 818 2122 Cunrpares
846 2043 932 2105 velim
962 2041 1089 2104 similem
1112 2042 1320 2122 particularum
1343 2027 1422 2102 ἀλλ’

282 2133 362 2206 odet
385 2139 445 2223 μὲν
467 2137 509 2223 δή
532 2160 618 2203 usum
642 2141 686 2204 ti.
704 2161 728 2202 r.
747 2141 817 2214 877,
839 2141 883 2204 El.
900 2162 926 2204 ν.
943 2139 1016 2215 913,
1031 2139 1135 2202 Trach.
1153 2161 1178 2201 v.
1198 2139 1286 2202 1128.

367 2241 469 2302 Restat
491 2247 524 2301 ut
545 2259 636 2319 pauca
659 2239 837 2302 disseramus
868 2238 905 2301 de
934 2239 1057 2302 articulo
1088 2239 1118 2300 in
1147 2239 1273 2300 formula
1295 2235 1423 2321 θάρσος

282 2338 351 2404 ἐστὶ
381 2331 638 2409 τοδξονοστάναι
666 2339 805 2400 admisso.
850 2339 946 2414 Quem
970 2337 1072 2400 Nauck
1101 2347 1131 2399 et
1153 2337 1284 2400 Meinelsc
1311 2337 1364 2398 hac
1390 2337 1421 2398 in

282 2460 315 2502 rc
338 2439 547 2519 diligentiores
572 2448 603 2500 ut
627 2441 698 2501 mihi
720 2439 840 2520 quidem
863 2439 994 2506 videtur.
1025 2458 1085 2501 non
1112 2449 1192 2502 recte
1215 2437 1346 2500 illicitum
1370 2437 1423 2498 ha-

282 2541 420 2602 buerunt.
458 2537 556 2612 Quum
580 2539 659 2600 cuim
683 2537 837 2612 formulae,
861 2559 936 2620 quae
958 2539 1036 2601 idern
1060 2539 1224 2618 significant
1246 2545 1336 2617 atquc
1357 2554 1423 2597 ver-

283 2639 354 2700 bum
376 2635 511 2717 simplex,
533 2635 618 2716 plane
642 2647 674 2699 ut
688 2638 746 2699 hoc
768 2637 945 2700 infinitivum
962 2638 1047 2719 sequi
1062 2637 1222 2718 patiantur,
1243 2633 1423 2697 infinitivum

283 2755 351 2798 vero
374 2735 451 2816 apud
475 2743 578 2816 poetas
605 2735 720 2814 saepius
747 2755 835 2816 quam
864 2737 941 2818 apud
970 2736 1130 2817 scriptores
1153 2755 1258 2817 prosae
1281 2732 1422 2796 orationis

283 2854 351 2896 cnm
384 2835 507 2896 articulo
540 2835 732 2897 coniunctum
767 2836 893 2898 inveniri
926 2845 1057 2910 constet,
1091 2837 1189 2916 quode
1210 2836 1360 2897 Hermann
1386 2832 1421 2892 ad

283 2935 325 2996 At.
342 2955 371 2996 r.
390 2935 449 2996 114
471 2933 642 3014 disputavit.
670 2936 802 3016 exempla
830 2937 1011 3016 collegerunt
1033 2937 1150 2998 Ellendt
1176 2945 1207 2997 et
1228 2935 1343 2998 Genlhc
1368 2933 1424 2994 lex.

284 3034 385 3115 Septi,
419 3031 496 3096 haud
530 3033 602 3094 milri
637 3034 690 3096 bac
723 3033 836 3114 poetica
869 3034 985 3097 licentia
1014 3035 1123 3097 abusus
1145 3034 1261 3096 ridetur
1283 3053 1348 3095 esse
1369 3033 1425 3096 so-

283 3133 417 3215 phocles,
450 3151 543 3213 quum
566 3133 723 3196 articulum
745 3134 801 3196 hac
822 3135 853 3195 in
877 3133 1002 3196 formula
1025 3151 1102 3213 quse
1134 3132 1207 3194 nihil
1240 3131 1318 3194 aliud
1353 3131 1425 3194 valet

284 3233 340 3296 nisi
355 3229 475 3312 θαρσῶ
496 3230 639 3293 adhibuit.
676 3231 727 3294 Sic
747 3233 874 3294 lcrmula
889 3233 944 3314 τῆς
965 3228 1104 3303 ἐλπίδος
1126 3228 1264 3311 ἔρχομαι
1286 3227 1424 3312 δεδραγ-

284 3333 381 3413 μένος
403 3330 488 3409 plane
516 3338 548 3391 ut
569 3329 692 3393 verbum
720 3327 845 3402 ἐλπίζω
875 3349 943 3392 cum
971 3330 1117 3392 infinitivo
1144 3342 1175 3392 et
1200 3330 1323 3392 articulo
1351 3347 1424 3391 cou-

284 3431 382 3491 iuncta
406 3437 461 3489 cst.
505 3428 565 3489 lam
588 3447 658 3491 reru
686 3447 781 3490 mcum
814 3428 840 3488 si
871 3428 1042 3507 probaveris
1075 3429 1291 3500 coniecturum,
1326 3429 1424 3491 minus

284 3529 328 3589 rel
352 3527 424 3588 nihil
448 3526 620 3589 offensionis
644 3546 731 3607 spero
753 3526 888 3588 relictum
912 3527 961 3600 iri,
995 3547 1087 3608 quum
1121 3527 1246 3590 formula
1278 3529 1353 3590 iacta
1386 3528 1424 3589 sit

285 3622 413 3708 θάρσος
446 3622 515 3688 ἐστὶ
550 3621 588 3688 τό
620 3643 658 3686 σε
691 3621 910 3696 ἐξανιστάναι.
954 3626 1150 3688 Conlocentur
1177 3627 1288 3690 similes
1310 3625 1422 3689 articuli

284 3724 427 3788 infinitivo
448 3724 542 3786 iuncti
557 3743 632 3785 usus
647 3723 782 3802 Xenuplr.
799 3724 903 3805 Cyrop.
919 3727 951 3798 V,
970 3727 997 3800 l,
1013 3725 1067 3788 28:
1091 3723 1251 3808 δαίμονος
1266 3722 1307 3788 ἂν
1322 3727 1425 3807 φαίην

284 3823 342 3906 τὴν
375 3819 534 3906 βούλησιν
566 3823 673 3896 εἶναι,
708 3819 743 3884 τὸ
777 3821 821 3906 μὴ
855 3821 952 3884 ἐάσαι
987 3819 1071 3908 ὑμᾶς
1107 3827 1192 3906 μέγα
1225 3819 1424 3904 εδδαίμονας

283 3923 473 4004 γίγνεσθαι.
511 3921 600 4002 Soph.
616 3920 720 3982 Trach.
737 3942 763 3982 v.
781 3921 856 3982 545:
880 3919 916 3984 τὸ
939 3918 972 3986 δ’
995 3917 1037 3985 αδ
1059 3921 1222 3995 ξυνοικεῖν
1244 3917 1317 4009 τῇδ’
1340 3915 1424 4004 ὁμοῦ

284 4023 333 4094 τίς
355 4015 397 4083 ἃν
423 4017 503 4102 γυνὴ
526 4013 656 4082 δύναιτ’
684 4017 742 4098 ἄν,·
769 4019 862 4083 Tlruc.
877 4021 913 4095 ll,
930 4021 981 4096 53,
997 4023 1033 4085 3:
1056 4021 1112 4084 real
1134 4019 1171 4084 τδ
1192 4019 1254 4102 μὲν
1276 4037 1423 4102 προστα-

285 4117 462 4199 λατπορεϊν
494 4119 539 4201 τῷ
572 4114 706 4190 δόξαντι
739 4117 829 4204 καλῷ
862 4107 976 4193 οδδάς
1009 4119 1187 4203 πρόθυμος
1209 4114 1250 4203 ἦν
1269 4129 1300 4182 ct
1320 4122 1423 4183 atnoe

285 4217 435 4280 Classenii.
453 4215 524 4278 Plnt.
543 4215 622 4278 Prot.
645 4237 672 4299 p.
689 4217 795 4281 360E:
818 4217 1021 4298 φιλονεικεῖν
1041 4239 1115 4300 μοι,
1145 4216 1222 4304 ἔφη,
1249 4217 1374 4294 δοκεῖς,
1397 4205 1427 4280 el

286 4311 462 4396 (Σώκρατες,
486 4313 522 4377 τὸ
546 4311 603 4399 ἐμὲ
626 4317 711 4379 εἶναι
735 4317 792 4380 τὸν
813 4311 1077 4402 ἀποκρινάμενον
1098 4329 1128 4384 et
1149 4319 1247 4382 adnot
1272 4317 1401 4400 Suuppii.

370 4415 434 4489 Qua
450 4415 619 4478 coniectura
634 4425 760 4497 recepta,
782 4424 811 4478 ct
826 4418 858 4478 rt
873 4413 954 4498 δρῶ,
978 4434 1038 4495 quc
1061 4418 1093 4479 in
1116 4419 1287 4500 explicando
1310 4419 1422 4480 haeresi

289 4529 348 4572 non
372 4521 496 4592 poterat,
519 4522 667 4576 remotum
690 4523 736 4578 est
758 4523 789 4576 et
810 4533 974 4594 pronomen
996 4518 1036 4578 σέ
1055 4516 1115 4579 iam
1138 4538 1155 4580 a
1176 4517 1320 4580 anckio
1343 4517 1422 4580 ‹lesi-
