3248 5142
648 419 865 485 ..33..

189 600 246 661 nisi
268 599 379 662 factm
401 606 493 671 esset,
522 597 571 658 ilfa
601 597 649 658 lex
670 615 768 676 neque
790 603 888 674 rogata
911 613 1009 676 neque
1031 595 1088 656 lata
1110 591 1225 655 fuisset.
1269 590 1330 652 Po·

188 698 362 762 steriorihus
384 705 483 760 antem
505 696 691 776 temporibus
713 694 782 758 satis
803 694 970 757 habuerunt
991 693 1114 766 librarii,
1137 689 1277 773 quioquid
1299 691 1330 752 in

189 796 340 860 veteribus
375 796 459 858 libris
492 813 583 858 manu
614 795 732 876 scriptis
764 794 906 857 traditum
938 791 1140 864 inveniebant,
1176 789 1332 868 diligenter

190 895 402 960 transscribere
423 893 585 958 levioribus
608 902 727 958 tantum
749 893 867 955 mendis
889 894 969 955 velut
990 891 1183 972 glossematis,
1212 889 1331 952 aberra·

191 995 331 1068 tionibus,
353 995 518 1058 litterarum
547 992 790 1074 corruptionibus
812 999 868 1055 etc.
891 992 1068 1054 commissis.
1112 991 1154 1052 lle
1175 987 1332 1069 Sophoclis

191 1105 291 1158 autem
318 1094 484 1158 fabularum
510 1093 594 1174 quasi
620 1091 744 1154 historia
771 1092 873 1154 critica
895 1090 967 1172 quid
1000 1090 1125 1153 sentiam
1159 1089 1231 1151 alias
1264 1103 1331 1149 sum

191 1194 388 1276 expositurus.

277 1291 334 1355 OC.
350 1312 393 1356 vv.
409 1293 502 1372 disq.
533 1290 664 1373 Oedipus
679 1309 770 1352 senex
789 1308 903 1363 caecus,
925 1289 1046 1369 ignarus
1061 1307 1120 1368 quo
1136 1287 1172 1349 ab
1187 1285 1333 1364 Antigona

191 1393 249 1455 fitia
271 1392 378 1454 duetus
399 1391 582 1472 pervenerit,
611 1411 647 1453 ex
667 1391 762 1453 incola
785 1390 974 1471 quaesiturus
996 1395 1072 1460 erat,
1102 1387 1222 1449 ubinam
1245 1392 1333 1446 esset.

192 1491 250 1566 Qui
272 1491 445 1572 priusquam
468 1509 537 1553 eum
560 1491 693 1562 edoceat,
719 1500 822 1552 monet
845 1498 879 1553 ut
900 1489 971 1550 sede
993 1504 1083 1568 quam
1107 1483 1262 1565 occupavit
1282 1501 1335 1544 ex·

193 1591 286 1652 cedat.
341 1589 399 1652 Sed
432 1575 538 1670 Oed'ipi
571 1588 668 1652 verbis
701 1599 868 1651 commotus
905 1606 975 1650 eum
1011 1587 1081 1650 sede
1118 1602 1238 1647 movere
1275 1599 1336 1643 uon

192 1691 252 1752 iam
274 1689 373 1750 audet.

293 1819 372 1890 ἀλλ’
393 1822 469 1890 odd'
493 1822 573 1908 ἐμόν
594 1847 646 1888 τοι
669 1822 922 1898 τούξανισοάναι
946 1821 1074 1896 πόλεως

293 1921 364 2005 δίχ’
387 1923 457 1988 ἐστὶ
479 1923 621 2007 θάρσος,
644 1928 725 2008 πρίν
746 1921 779 2003 γ’
801 1921 843 1988 ἂν
864 1917 997 1996 &adestne
1020 1925 1053 1984 cl
1076 1919 1144 2003 δρῶ
1150 1948 1161 1998 ,·

194 2081 246 2142 ilis
272 2081 303 2142 in
327 2080 461 2143 versibus
485 2081 613 2144 offensio
637 2081 723 2144 nobis
750 2081 889 2151 occurrit,
912 2099 1001 2161 quam
1024 2088 1058 2140 ut
1079 2077 1252 2159 expedirent
1274 2093 1335 2138 non

195 2178 353 2258 contigisse
387 2178 483 2242 adbuc
514 2179 730 2258 interpretibus
762 2197 937 2259 persuasum
971 2179 1074 2240 haheo.
1118 2177 1199 2239 lueet
1230 2193 1263 2238 ea
1296 2174 1338 2235 illi

194 2278 332 2340 membro
354 2278 437 2360 πρίν
457 2271 493 2356 7²
515 2273 557 2341 ἂν
577 2274 710 2349 ἐνδεῖξαι
733 2279 766 2338 τί
786 2275 864 2359 dpu'.
903 2279 989 2352 Quod
1011 2276 1214 2358 nequidquam
1236 2274 1338 2336 collata

194 2377 322 2440 formula
345 2370 531 2459 ἀποστῆναι
554 2373 639 2460 πρός
652 2396 729 2439 τινα
744 2376 969 2440 defendebatur.
1006 2375 1079 2438 Nam
1101 2376 1134 2438 in
1156 2374 1248 2438 activa
1269 2372 1338 2453 qui-

195 2477 265 2539 dem
286 2477 383 2538 forma
405 2469 591 2559 ἀφιστάναι
621 2473 695 2540 τινὰ
725 2471 794 2540 ἀπό
819 2496 909 2549 τινος
937 2476 981 2538 vel
1009 2470 1085 2538 τινά
1111 2493 1215 2547 τινος,
1242 2475 1339 2554 socen

194 2587 228 2637 ιο
248 2579 310 2656 quis
332 2574 367 2636 oh
391 2573 487 2656 aliquo
509 2575 635 2656 deficiet,
666 2576 755 2638 simul
781 2574 866 2638 facite
894 2575 1078 2654 intehegitur
1106 2576 1187 2638 hunc
1214 2574 1339 2635 deficere

196 2675 232 2736 ad
254 2692 323 2736 eum
345 2674 396 2754 qni
417 2673 505 2736 faciat
527 2681 560 2736 ut
575 2675 703 2748 delicias,
727 2676 805 2738 velut
820 2676 950 2756 Thucyd.
965 2676 987 2748 1,
1003 2671 1054 2749 81,
1070 2674 1151 2737 init:
1175 2672 1206 2735 ei
1228 2668 1261 2735 d'
1284 2664 1339 2744 αὖ,

195 2772 390 2834 Archidamus
412 2772 545 2852 loquitur
566 2791 618 2836 rex
638 2773 954 2849 Lacedaemoniorum,
977 2771 1054 2847 τούς
1075 2768 1276 2854 ξυμμάχους,
1299 2789 1340 2832 so.

196 2871 261 2934 τῶν
277 2866 484 2954 Ἀθηναίων,
506 2866 690 2954 ἀφιστάναι
714 2869 952 2956 πειρασόμεθα
972 2907 1014 2916 -
1037 2879 1145 2953 sponte
1167 2869 1342 2932 subintelle-

197 2971 292 3048 gitur:
315 2969 351 3031 ad
366 2968 625 3032 Lacedaemonios.
663 2972 720 3032 Sed
743 2971 858 3052 passive
880 2972 926 3034 vel
947 2969 1131 3034 intransitive
1153 2968 1232 3032 dicto
1254 2961 1342 3030 άπο-

197 3067 324 3151 στῆναι,
347 3068 453 3130 oddues'
476 3069 512 3129 ob
535 3067 630 3149 aliquo
651 3077 684 3130 ut
705 3068 820 3150 deficior
842 3069 886 3130 vel
906 3068 1033 3148 deficere,
1057 3067 1116 3130 nisi
1136 3068 1208 3130 satis
1224 3073 1343 3128 mesfat

199 3188 216 3229 e
238 3167 294 3229 loci
315 3166 474 3241 sententia,
498 3167 716 3248 praepositione
732 3161 816 3250 πρός
837 3168 1044 3248 adiungendus
1066 3167 1092 3230 is
1113 3176 1169 3239 est,
1191 3167 1228 3229 ed
1252 3183 1341 3247 quem

197 3268 232 3329 fit
257 3266 392 3329 defectio.
437 3267 520 3330 Hanc
541 3266 660 3329 Graecis
686 3267 853 3330 facillimam
883 3287 948 3331 esse
976 3267 1101 3348 ellipsim
1129 3266 1176 3329 vel
1201 3268 1342 3347 frequens

198 3366 263 3428 eius
295 3385 369 3430 usus
402 3366 480 3447 apud
514 3366 673 3448 scriptores
705 3367 896 3430 historiarum
931 3377 960 3430 et
993 3375 1127 3431 oratores
1150 3367 1341 3430 demonstrat.

199 3465 343 3528 Similiter
363 3465 395 3526 in
416 3465 543 3528 formula
566 3460 600 3529 oi
622 3463 658 3527 ἐκ
679 3465 745 3529 τῶν
772 3464 929 3548 πολέμων
948 3463 1165 3550 θαπτόμενοι
1185 3495 1231 3522 =
1252 3460 1285 3528 oi
1308 3461 1344 3528 fv

198 3571 270 3634 τοῖς
291 3559 452 3644 πολέμοις
475 3559 708 3639 ἀποθανόντες
729 3563 786 3628 καὶ
813 3564 850 3627 doe
877 3562 1003 3630 τούτων
1026 3558 1246 3648 θαπτόμενοι
1259 3563 1343 3626 netio

201 3660 298 3723 media
313 3662 521 3740 praetermissa
543 3671 598 3734 est,
619 3663 711 3726 Thuc.
727 3665 764 3735 ll,
781 3664 821 3726 35
836 3665 901 3726 init.
938 3665 1019 3737 Quae
1043 3665 1153 3745 ubique
1173 3664 1236 3726 fere
1258 3679 1343 3743 prae·

200 3759 326 3823 termitti
341 3759 417 3822 solet
438 3778 454 3820 a
476 3760 729 3842 breviloquentiae
744 3762 896 3837 studiosis,
918 3764 990 3826 dum
1006 3763 1095 3826 modo
1110 3762 1200 3824 dictio
1215 3769 1344 3824 macuta

200 3859 332 3938 intellegi
353 3859 448 3940 possit
470 3878 503 3922 ao
523 3869 604 3923 recte
626 3861 664 3922 sit
685 3862 859 3941 composite.
901 3861 1004 3942 Longe
1032 3879 1101 3924 vero
1124 3861 1179 3924 alia
1201 3869 1247 3922 est
1267 3860 1343 3922 ratio

201 3957 282 4020 verbi
308 3955 506 4040 dedetevope.
550 3957 670 4021 Etenim
697 3977 791 4039 quum
814 3960 881 4040 quis
907 3960 1046 4024 detulerit
1072 3960 1108 4022 ad
1136 3959 1278 4023 iudicium
1301 3957 1345 4021 vel

203 4057 420 4138 magistratum,
451 4075 514 4121 non
536 4057 607 4121 huic
626 4057 740 4121 iudices
765 4059 808 4120 vel
830 4059 1018 4139 magistratus
1040 4059 1237 4139 praecipiunt,
1265 4057 1343 4137 quod

203 4156 418 4220 olfaciendum
441 4157 496 4232 sit,
530 4155 587 4219 nisi
620 4160 697 4218 forte
729 4177 764 4220 eo
787 4175 912 4220 munem
945 4157 1070 4220 civitatis
1102 4157 1250 4237 fungitur,
1285 4173 1344 4237 quo

203 4254 350 4334 obligatus
373 4255 412 4317 sit
432 4264 466 4318 ut
487 4257 565 4318 facto
588 4255 765 4330 intercedat,
798 4256 850 4320 sed
885 4256 957 4336 ipsis
991 4257 1152 4318 videndum
1181 4265 1240 4329 est,
1274 4255 1343 4336 quid

203 4353 260 4416 sibi
281 4352 450 4416 faciendum
473 4355 521 4429 eit,
550 4365 585 4418 ut
607 4356 713 4418 nemus
736 4356 886 4436 puniatur.
932 4355 972 4418 Ut
993 4356 1084 4436 igitur
1104 4357 1152 4418 hic
1173 4355 1230 4418 dici
1251 4355 1345 4435 possit

203 4450 390 4530 ἐνόείιινομι
412 4454 445 4514 τί
460 4450 541 4535 dcci,
564 4463 645 4518 recte
660 4455 735 4519 hob.
751 4455 860 4535 Enger,
882 4455 913 4518 ni
935 4455 1027 4531 fallor,
1049 4457 1082 4518 in
1097 4454 1199 4518 Philol.
1217 4455 1271 4516 vol.
1284 4455 1345 4529 XV,

202 4569 317 4614 recens.
331 4551 398 4615 libr.
421 4552 459 4614 ad
481 4551 658 4634 Sophoclem
680 4563 784 4636 spect,
807 4554 967 4629 adnotavit,
989 4554 1074 4637 sequi
1096 4554 1232 4628 incolam,
1256 4575 1344 4638 quem

1151 4657 1186 4715 3*
