3248 5142
705 395 924 460 ‚40-

246 571 370 634 tentiam
392 571 430 632 cl.
454 583 527 635 orat.
551 592 575 634 c.
595 571 633 633 15
656 571 731 649 §47
744 593 809 654 sqq.
854 573 916 635 ulia
938 575 1132 636 commutatio
1154 575 1260 654 legitur
1282 576 1387 656 Nepot.

247 669 335 732 Arist.
360 669 419 732 cl
441 672 507 734 init.
530 673 624 753 ‘apud
647 673 779 736 Plataeas
801 672 833 734 in
856 673 978 753 proelio,
1002 691 1061 754 quo
1083 673 1254 736 Mardonius
1280 673 1388 736 lusus

248 770 501 853 barbarorumque
523 772 669 834 exercitus
690 773 921 836 interiectus
943 772 1014 834 est'.
1058 770 1165 835 ltane?
1208 774 1272 836 lmo
1301 791 1389 836 vero:

249 877 324 951 ‘quo
352 871 522 933 Mardonius
555 871 728 936 interiectus
751 871 1006 954 barbarorumque
1034 872 1183 936 exercitus
1210 874 1296 936 rusus
1326 871 1390 936 est'.

249 969 286 1031 ci.
309 969 358 1031 vit.
381 969 544 1032 Pausaniae
567 990 591 1032 c.
610 972 637 1032 1.

334 1088 362 1128 v.
386 1068 456 1131 380.
491 1069 609 1132 Ismene
632 1070 667 1132 de
683 1069 828 1150 Polynicis
851 1079 881 1132 et
895 1070 1022 1134 Eteoelis
1037 1071 1167 1134 filiorum
1181 1078 1261 1136 sorte
1276 1080 1391 1152 patrem

251 1167 395 1249 Oedipum
420 1169 577 1232 certiorem
601 1189 695 1250 quum
717 1168 795 1244 iacit,
824 1178 924 1231 narrat
951 1178 1025 1232 natu
1047 1171 1199 1244 maiorem,
1233 1178 1391 1252 postquam

250 1269 342 1350 patria
366 1287 382 1328 a
406 1268 520 1330 minore
543 1269 683 1349 expulsus
706 1273 793 1341 esset,
815 1267 972 1348 fugitivum
995 1269 1087 1350 Argos
1109 1269 1263 1334 advenisse
1280 1277 1390 1332 etcum

252 1386 327 1430 nova
351 1366 493 1430 affinitate
515 1367 582 1429 belli
604 1367 701 1429 socios
724 1365 779 1429 sibi
801 1367 948 1442 ascivisse,

353 1483 396 1561 ὥς
418 1481 527 1550 αὐτίκ’
542 1485 659 1568 Ἀργος
680 1484 701 1572 ἢ
722 1485 759 1552 ιδ
781 1485 963 1570 Καδμείων
984 1483 1089 1551 πέδον

351 1586 432 1676 τιμῇ
454 1586 607 1660 καθέξων
629 1583 650 1672 ἢ
672 1583 756 1670 πρδς
779 1583 919 1667 οὐρανὸν
940 1586 1055 1668 pisticis.

337 1725 433 1803 Atque
461 1723 592 1803 primum
620 1723 741 1804 quidem
770 1722 877 1803 βιβῶν
904 1721 1047 1803 temporis
1080 1722 1173 1784 futuri
1204 1722 1393 1802 participium

252 1822 334 1884 verbi
356 1817 482 1903 βιβάζω
505 1821 657 1902 (evehere),
679 1841 741 1884 uon
754 1821 898 1901 temporis
921 1821 1085 1901 praesentis
1105 1822 1292 1902 participium
1313 1821 1394 1884 verbi

255 1921 398 1982 homerici
431 1917 540 2002 βιβάω
575 1923 643 1997 (ire)
676 1922 725 1985 hic
757 1923 960 2003 accipiendum
984 1941 1060 1996 esse,
1092 1923 1138 1984 vel
1170 1939 1207 1984 ex
1239 1919 1394 2001 participio

254 2017 409 2090 καθέξων
441 2020 520 2100 quod
553 2027 600 2081 ‘cst
622 2021 792 2101 oppositum
825 2030 955 2102 apparet
1006 2021 1142 2084 Fuerunt
1174 2020 1309 2101 quidem,
1343 2018 1395 2099 qui

254 2118 406 2180 Brunelrio
440 2127 558 2180 auctore
591 2119 695 2199 βιβῶν
722 2129 863 2182 neutrum
886 2139 952 2182 esse
975 2120 1141 2200 significans
1162 2122 1207 2183 ιἰι
1228 2125 1394 2195 censerent,

255 2238 314 2298 quo
337 2234 427 2280 seusu
450 2233 512 2278 non
536 2209 632 2299 ἤ-ἤ,
656 2219 706 2280 sed
731 2220 887 2280 καί-καί
908 2218 1065 2298 legendum
1081 2227 1135 2281 est.
1172 2219 1254 2292 Quae
1269 2217 1394 2278 mutatio

255 2316 411 2378 violentior
444 2323 498 2385 est,
532 2335 622 2396 quam
655 2324 689 2378 ut
722 2317 786 2378 lieri
819 2317 955 2397 potuisse
988 2319 1048 2379 veri
1081 2316 1176 2379 simile
1201 2317 1248 2377 sit.
1293 2316 1395 2396 Neque

256 2415 394 2476 Elmsleio
410 2414 632 2476 concedendum
648 2423 695 2476 est
710 2417 825 2495 putanti
840 2417 1044 2496 metaphoram
1067 2435 1082 2478 a
1104 2414 1269 2496 gigantibus
1284 2413 1395 2476 caelum

256 2513 466 2575 scandentibus
489 2521 637 2592 sumptam
660 2533 736 2576 esse.
772 2515 838 2588 Quo
861 2516 932 2596 quid
955 2523 1141 2595 potestesse
1163 2510 1308 2576 alienius?
1337 2511 1395 2574 Sed

256 2613 382 2673 formula
404 2611 440 2672 ad
467 2611 692 2673 similitudinem
714 2614 834 2676 Homeri
863 2614 1011 2676 sermonis
1041 2610 1133 2687 κλέος
1160 2609 1301 2692 οὐρανὸν
1331 2615 1396 2672 ἵκει

256 2711 301 2772 vel
324 2707 415 2782 κλέος
438 2703 578 2792 οδρανδν
601 2705 699 2791 stede
722 2707 828 2773 induet
849 2713 916 2774 fieta
938 2713 1017 2774 idem
1039 2713 1191 2792 significat,
1214 2710 1291 2792 quod
1318 2709 1396 2789 apud

257 2810 420 2871 Homerum
444 2802 536 2886 εὖχός
557 2830 624 2872 τινι
647 2807 777 2885 δοῦναι,
801 2811 832 2873 ll.
849 2811 915 2874 Xlll
930 2832 957 2873 ν.
973 2812 1035 2873 654

356 2964 399 2974 -
421 2931 507 3014 φημί
530 2965 571 2974 -
593 2927 662 3014 ἐμῷ
683 2923 718 2993 δ’
740 2925 807 2995 eino
832 2929 927 3016 δουρὶ
950 2931 1097 3016 δαμέντα

359 3025 452 3110 εὖχος
474 3028 550 3113 ἐμοὶ
572 3027 701 3106 δώσειν,
724 3029 834 3115 ψυχὴν
856 3026 995 3096 durat
1017 3025 1229 3115 eleucadio,

260 3163 291 3216 et
312 3171 409 3234 saepe.
453 3151 584 3214 Membra
606 3139 706 3216 autem
729 3153 786 3216 sibi
808 3156 943 3235 opposita
965 3162 1037 3217 sunt
1058 3163 1093 3216 ut
1115 3154 1146 3216 ll.
1162 3151 1237 3226 lilii,
1252 3170 1279 3212 v.
1295 3147 1355 3213 327

847 3269 936 3358 ὄφρα
957 3272 1097 3352 τάχιστα

360 3368 493 3454 εἴδομεν
514 3365 552 3454 ἦέ
573 3394 618 3456 τῳ
641 3366 735 3452 εὖχος
756 3367 911 3455 ὀρέξομεν
935 3368 971 3456 ἦέ
991 3395 1041 3446 τις
1062 3367 1154 3458 ἡμῖν.

261 3509 409 3569 versuum
441 3507 531 3586 igitur
557 3508 701 3570 sententia
736 3516 796 3570 est:
831 3508 992 3587 ‘Polynices
1023 3509 1108 3589 Διμίε
1139 3509 1206 3572 delli
1232 3511 1319 3572 socios
1350 3507 1405 3568 eibi

263 3611 360 3671 mouit
387 3627 419 3670 eo
445 3609 578 3684 ιοαείλιό,
604 3621 637 3672 ιν
658 3609 747 3689 λιμοι
768 3619 819 3669 out
843 3607 1034 3670 Cadurcorum
1058 3617 1169 3670 terram
1195 3608 1301 3670 λοιιονι
1322 3615 1403 3686 repat

262 3719 313 3770 οιιι
340 3718 443 3770 contro
468 3713 501 3770 in
523 3709 632 3770 coelom
654 3705 758 3769 tollct'.
804 3707 863 3768 Sed
890 3707 957 3768 lieri
978 3706 1060 3768 nullo
1083 3707 1172 3769 modo
1194 3713 1300 3786 potest
1330 3704 1402 3784 quin

263 3808 364 3888 potius
387 3808 477 3870 totius
500 3805 697 3894 expeditionis
719 3815 822 3868 auctor
844 3805 998 3886 Polynices
1014 3806 1173 3870 Thebanos
1195 3813 1332 3868 recturus
1347 3809 1402 3862 etc

265 3906 388 3980 dicatur,
419 3923 480 3967 non
505 3907 612 3984 Argos,
641 3903 677 3966 ολ
706 3903 768 3967 hui.
793 3903 854 3966 lab.
878 3924 921 3965 vv.
947 3904 1029 3968 1305
1046 3925 1111 3986 sqq.
1136 3903 1231 3984 ipsius
1256 3899 1402 3980 Polynicis

266 4003 355 4066 verba

365 4119 457 4197 ὅπως
477 4121 534 4185 τὸν
555 4118 761 4203 δπτάλογχον
782 4119 816 4196 ἐς
839 4119 953 4208 Θήβας
975 4120 1093 4187 στόλον

368 4223 424 4296 ξὺν
445 4220 554 4287 τοῖσδ’
578 4221 712 4306 ἀγείρας
733 4218 753 4305 ἢ
774 4217 920 4306 θάνοιμι
942 4219 1110 4293 πανδίκως

367 4320 387 4406 ἢ
409 4321 484 4396 τοὺς
505 4320 581 4387 τάδ’
604 4315 832 4406 ἒκπρδξοιννας
853 4318 1026 4403 διβάλοιμι
1047 4317 1114 4401 γῆς.

268 4445 354 4521 Quod
376 4455 410 4510 ut
433 4446 621 4527 explicarent,
645 4444 827 4525 nequiquam
851 4453 911 4505 tres
931 4441 1105 4504 scholiastae
1125 4459 1246 4522 operam
1261 4441 1407 4503 dederunt

268 4548 497 4628 interpretantes
517 4563 628 4610 nomen
643 4541 758 4625 Ἀργος
773 4540 1009 4622 transgressione
1023 4542 1150 4622 quadam
1165 4559 1227 4604 non
1239 4539 1406 4602 subiectum
