3248 5142
756 391 977 456 -26-

385 587 411 627 v.
434 565 506 630 534.
550 567 764 647 clytemnestra
796 575 828 630 et
858 569 950 632 animi
976 570 1155 634 conscientia
1183 579 1213 632 et
1239 572 1356 634 somnio
1387 574 1436 637 illo

298 666 405 744 agitata
426 666 573 730 Electram
602 665 757 747 vituperat,
791 668 871 748 quod
903 669 1026 732 ahsente
1053 669 1193 748 Aegistho
1226 686 1331 736 rursus
1364 671 1436 734 loris

299 765 523 845 circumagatur.
572 765 650 826 Nihil
683 765 719 826 ab
751 765 807 827 ista
838 777 963 832 matrem
994 769 1111 850 respici,
1143 786 1219 849 qnae
1251 777 1373 850 propter
1405 790 1438 834 ea

298 864 432 927 Electrae
454 863 621 934 maledicat,
650 864 730 944 qued
760 866 837 928 male
858 867 958 930 audiat
979 867 1017 930 ab
1039 887 1083 930 ea.
1128 867 1277 962 Semper
1275 869 1358 930 enim
1381 869 1438 930 dici

298 972 413 1045 patrem
435 983 450 1025 a
474 983 506 1024 se
527 962 718 1027 interiectum
740 983 813 1037 esse,
837 967 1045 1033 verumetiam
1067 965 1242 1041 abluentis,
1258 967 1337 1050 quod
1353 975 1439 1048 pater

299 1081 377 1128 unus
399 1063 435 1126 de
457 1062 575 1128 Graecis
596 1062 686 1126 liliam
709 1082 795 1126 snam
817 1063 863 1126 dis
886 1072 1016 1128 mactare
1039 1085 1129 1130 ausus
1150 1066 1198 1128 sit

1060 1193 1075 1228 0

398 1243 477 1320 εἶεν,
500 1240 638 1314 δίδαξον
660 1239 701 1328 δή
723 1266 777 1325 με,
800 1244 858 1308 τοῦ
879 1243 976 1328 χάριν
997 1193 1097 1322 τίναξε

398 1339 534 1417 ἔδυσεν,
557 1333 676 1426 αὐτήνγ
709 1341 853 1432 πότερον
869 1339 1025 1428 Ἀργείων
1047 1343 1149 1427 ἐρεῖς)

298 1470 411 1531 Omnes
444 1487 518 1550 quos
550 1469 672 1550 quidem
707 1471 797 1533 evolvi
828 1471 1004 1551 interpretes
1034 1481 1151 1552 praeter
1177 1471 1379 1536 Hermannum
1409 1481 1439 1534 et

298 1569 450 1631 Reislrium
479 1587 548 1631 oum
570 1569 726 1632 scholiasta
750 1571 908 1650 apographi
930 1570 1102 1632 Baroccieni
1127 1570 1304 1634 adnounte:
1337 1567 1438 1653 ἤγουν

296 1670 386 1740 τίνος
417 1663 514 1748 χάριν
547 1663 732 1741 ἀποδιδοὺς
765 1665 948 1731 ἐδνσίαοεν
979 1663 1096 1752 αιἀἠνς
1139 1669 1235 1732 τοῦτο
1269 1667 1368 1752 διγλοί
1399 1668 1436 1733 τδ

297 1769 396 1830 τίνων
423 1764 521 1850 ἤγουν
542 1762 736 1840 ἀποδιδούς.
775 1765 845 1832 ἔστι
868 1765 906 1832 δὲ
928 1768 1046 1851 μετοχὴ
1069 1769 1126 1833 sel
1149 1763 1187 1832 οὐ
1209 1767 1319 1851 γενικὴ
1352 1767 1438 1850 πλρ-

297 1864 450 1948 θυντιιιή,
483 1867 657 1928 vocabulum
687 1868 786 1930 τίνων
814 1868 899 1930 aiunt
926 1868 1113 1948 participium
1136 1887 1202 1930 esse
1224 1867 1305 1930 verbi
1326 1870 1437 1930 τίνειν.

296 1967 329 2027 ln
352 1984 412 2046 quo
433 1965 564 2045 primum
586 1965 710 2027 eliendit
731 1967 886 2044 genetivus
907 1985 1051 2048 personae
1073 1987 1142 2030 curn
1171 1968 1317 2030 formulae
1342 1964 1439 2049 χάριν

296 2067 402 2126 τίνειν
423 2065 549 2126 iunctus.
594 2063 663 2126 Loci
688 2065 767 2126 enim
789 2085 806 2126 a
829 2066 946 2127 Wolllio
968 2066 1055 2139 allati,
1082 2066 1187 2130 hesch.
1210 2071 1310 2146 algam.
1332 2086 1359 2127 v.
1375 2065 1432 2128 821

297 2173 327 2225 et
349 2163 449 2226 Prom.
471 2183 498 2225 ι.
514 2161 586 2235 985,
616 2163 690 2224 nihil
715 2163 852 2243 probant.
895 2165 968 2226 Nam
998 2166 1030 2242 in
1057 2167 1100 2228 eis
1126 2159 1224 2247 χάριν
1245 2167 1348 2227 τίνειν
1370 2185 1438 2226 cum

297 2262 394 2324 dativo
423 2280 569 2342 personae
595 2263 730 2326 iunctum
758 2275 811 2326 est.
855 2265 914 2327 Sed
937 2274 972 2328 ut
992 2265 1085 2328 latine
1107 2265 1165 2328 (lici
1190 2264 1295 2346 nequit
1315 2264 1438 2328 alicuius

296 2361 421 2438 gratiam
448 2363 561 2424 referre
587 2381 642 2442 pro
672 2363 759 2426 alicui
780 2381 822 2443 gr.
845 2365 892 2434 rh,
915 2364 957 2426 sic
980 2383 1055 2442 nego
1076 2365 1220 2427 Graecum
1250 2383 1317 2426 csse
1343 2359 1440 2444 χάριν

297 2463 399 2522 τίνειν
428 2457 519 2535 τινάς
550 2480 605 2541 pro
636 2463 858 2536 vinidictam,
886 2463 945 2525 nisi
972 2464 1049 2524 forte
1076 2481 1170 2544 quum
1199 2469 1314 2524 veteres
1338 2462 1439 2526 Graeci

296 2555 395 2640 χάριν
430 2551 546 2636 τίνειν,
585 2555 804 2636 ἀποδιδόναι,
842 2557 1036 2643 ἀπονέμειν,
1074 2558 1212 2636 εἰδέναι,
1250 2555 1438 2640 ὁμολογεῖν,

296 2657 450 2734 ἐκτίνειν,
474 2655 754 2742 άπομνήσασδαι,
778 2657 864 2738 ἔχειν
885 2679 954 2724 cum
977 2659 1074 2722 dativo
1096 2676 1241 2740 personae
1256 2668 1286 2720 ct
1301 2659 1438 2740 genetivo

296 2758 340 2820 rei
363 2759 407 2819 vel
429 2749 503 2822 άντί
526 2777 594 2822 enm
615 2759 753 2837 genetivo
776 2767 827 2822 aut
848 2755 907 2822 a'rrl
937 2776 1005 2820 curn
1028 2758 1127 2820 dativo
1149 2764 1323 2820 constanter
1346 2777 1438 2838 copu-

296 2857 430 2930 laverint,
453 2858 614 2937 Sophocles
635 2857 692 2920 hoe
714 2876 775 2920 uno
797 2859 862 2918 loco
885 2891 927 2902 —-
949 2857 1063 2918 nullum
1078 2856 1158 2918 enim
1174 2855 1254 2920 aliuel
1269 2857 1438 2936 exemplum

296 2957 404 3034 legitur
424 2991 467 3000 -
487 2953 585 3037 χάριν
617 2959 718 3021 τίνειν
744 2975 815 3020 cnm
842 2955 979 3035 genetiuo
1008 2973 1154 3035 personae
1182 2955 1290 3026 iunxit
1339 2955 1438 3016 Corri-

296 3055 427 3134 gcndum
448 3054 538 3132 igitur
559 3064 614 3126 est,
636 3056 662 3120 si
684 3065 803 3138 poetam
826 3074 930 3136 graece
950 3053 1031 3136 loqui
1053 3054 1125 3116 uelis
1146 3053 1193 3137 τῷ
1214 3049 1314 3136 χάριν
1327 3055 1438 3127 τίνων,

296 3173 341 3234 eq.
362 3173 387 3213 v.
406 3150 576 3235 Ἀργείοις.
620 3156 700 3228 Quae
728 3155 871 3220 correctio
898 3173 992 3235 quum
1025 3153 1064 3214 sit
1097 3153 1252 3214 violentior
1284 3171 1373 3232 qnam
1406 3160 1441 3214 ut

296 3253 412 3316 admitti
432 3253 539 3332 possit,
569 3265 634 3316 tum
656 3273 695 3315 ne
721 3254 752 3315 iel
774 3255 917 3316 faciamus
946 3253 1044 3314 obstat
1064 3272 1090 3312 v.
1107 3249 1179 3312 537.
1221 3251 1337 3312 Diserte
1358 3250 1438 3313 enirn

295 3351 338 3414 ibi
359 3352 468 3414 dicitur
489 3361 611 3434 propter
625 3353 789 3415 Menelaum
808 3351 931 3412 tratrem
947 3349 1121 3412 mactavisse
1131 3349 1320 3427 Agamemno
1335 3348 1437 3420 filiam,

295 3445 414 3514 διλλΗ
393 3472 454 3514 αντ
455 3447 638 3534 ἀδελφοῦ
660 3448 743 3533 δῆτα
767 3445 922 3511 Μενέλεω
945 3446 1135 3509 κτανών·-

380 3550 419 3613 Et
441 3551 556 3614 Electra
584 3549 687 3612 matris
716 3549 851 3610 refutans
874 3546 1002 3624 argutias
1025 3565 1052 3607 v
1068 3539 1173 3607 563'
1157 3565 1233 3627 ερον
1219 3542 1305 3619 δέ,
1333 3545 1439 3626 inquil,

296 3647 355 3732 τὴν
382 3647 523 3726 κυνάγον
544 3644 711 3728 Ἄρτεμιν,
745 3648 859 3718 τίνος
891 3642 1039 3720 ποινάς
1072 3641 1113 3706 τὰ
1138 3640 1249 3707 πολλὰ
1276 3639 1438 3726 πνεύματ’

297 3743 366 3826 ἔσχ’
390 3770 425 3813 εν
443 3744 579 3817 Αὐλίδι,
603 3747 682 3827 (μιαί
704 3745 877 3825 longissime
892 3743 982 3808 credo
1004 3744 1088 3808 abest
1110 3743 1265 3806 anotione
1287 3744 1437 3822 gratiae.

296 3851 374 3912 Tum
396 3849 440 3910 El
455 3848 517 3908 575
540 3863 643 3908 versus
1158 3872 1161 3878 ¹

396 3967 480 4035 ἀνθ’
504 3962 550 4034 ὦν
570 3963 693 4034 ἔθυσεν
714 3964 829 4053 αὐτήν,
853 3964 925 4047 οὐχὶ
947 3967 1104 4032 Μενέλαε
1126 3966 1232 4049 χάριν.

297 4099 402 4162 eodem
426 4104 471 4159 cst
493 4097 607 4172 positus
630 4113 801 4176 sensuque
826 4086 870 4158 ὧν
892 4090 990 4178 χάριν
1005 4093 1191 4174 respondens
1207 4093 1439 4174 clytemnestrae

296 4197 355 4260 τοῦ
376 4192 481 4278 χάριν.
525 4195 620 4276 Atque
642 4193 728 4274 plane
751 4190 971 4277 παραλλήλοις
993 4193 1129 4274 opposita
1152 4198 1222 4254 sunt
1245 4210 1271 4251 v.
1288 4192 1349 4254 585

397 4321 428 4383 εί
448 4317 510 4404 γάρ
532 4317 655 4399 θέλεις,
677 4318 816 4392 δίδαξον
838 4311 930 4386 ἄνθ’
954 4311 1047 4382 ὅτου
1070 4315 1170 4381 τανῦν

397 4424 554 4502 αἴσχιστα
577 4419 712 4483 πάντων
734 4417 813 4504 ἔργα
834 4419 948 4500 δρῶσα
969 4413 1148 4496 τυγχάνεις.

296 4533 428 4616 lienique
451 4535 521 4616 quid
544 4533 601 4598 sihi
624 4535 726 4596 volunt
748 4532 837 4598 verba
866 4530 925 4595 τοῦ
945 4526 1043 4612 χάριν
1065 4531 1164 4592 τίνων
1193 4529 1289 4592 ‘cules
1314 4535 1440 4612 ρνοίίοοι
