<?xml version="1.0" encoding="UTF-8"?>
<!DOCTYPE html PUBLIC "-//W3C//DTD XHTML 1.0 Transitional//EN"
    "http://www.w3.org/TR/xhtml1/DTD/xhtml1-transitional.dtd">
<html xmlns="http://www.w3.org/1999/xhtml" xml:lang="en" lang="en">
 <head>
  <title>
</title>
<meta http-equiv="Content-Type" content="text/html;charset=utf-8" />
  <meta name='ocr-system' content='tesseract 3.04.00' />
  <meta name='ocr-capabilities' content='ocr_page ocr_carea ocr_par ocr_line ocrx_word'/>
</head>
<body>
  <div class='ocr_page' id='page_1' title='image "./emendationeseti00muelgoog_0050.png"; bbox 0 0 3248 5142; ppageno 0'>
   <div class='ocr_carea' id='block_1_1' title="bbox 650 429 872 494">
    <p class='ocr_par' dir='ltr' id='par_1_1' title="bbox 650 429 872 494">
     <span class='ocr_line' id='line_1_1' title="bbox 650 429 872 494; baseline 0.005 -22"><span class='ocrx_word' id='word_1_1' title='bbox 650 429 872 494; x_wconf 77' lang='lat'>-43..</span> 
     </span>
    </p>
   </div>
   <div class='ocr_carea' id='block_1_2' title="bbox 191 605 1332 1064">
    <p class='ocr_par' dir='ltr' id='par_1_2' title="bbox 191 605 1332 1064">
     <span class='ocr_line' id='line_1_2' title="bbox 192 605 1332 688; baseline 0.002 -21"><span class='ocrx_word' id='word_1_2' title='bbox 192 615 291 688; x_wconf 78' lang='grc' dir='ltr'><strong><em>ματος</em></strong></span> <span class='ocrx_word' id='word_1_3' title='bbox 313 607 339 668; x_wconf 92' lang='lat' dir='ltr'>is</span> <span class='ocrx_word' id='word_1_4' title='bbox 361 607 519 668; x_wconf 85' lang='lat' dir='ltr'>denotatur</span> <span class='ocrx_word' id='word_1_5' title='bbox 541 606 618 686; x_wconf 88' lang='lat' dir='ltr'>apud</span> <span class='ocrx_word' id='word_1_6' title='bbox 641 613 754 686; x_wconf 86' lang='lat' dir='ltr'>poetas,</span> <span class='ocrx_word' id='word_1_7' title='bbox 777 605 828 686; x_wconf 85' lang='lat' dir='ltr'>qui</span> <span class='ocrx_word' id='word_1_8' title='bbox 852 614 897 668; x_wconf 85' lang='lat' dir='ltr'>est</span> <span class='ocrx_word' id='word_1_9' title='bbox 911 606 995 685; x_wconf 88' lang='lat' dir='ltr'>quasi</span> <span class='ocrx_word' id='word_1_10' title='bbox 1015 607 1048 668; x_wconf 90' lang='lat' dir='ltr'>in</span> <span class='ocrx_word' id='word_1_11' title='bbox 1070 607 1206 670; x_wconf 76' lang='lat' dir='ltr'>acumine</span> <span class='ocrx_word' id='word_1_12' title='bbox 1227 607 1332 670; x_wconf 85' lang='lat' dir='ltr'>aetatis</span> 
     </span>
     <span class='ocr_line' id='line_1_3' title="bbox 191 701 1330 787; baseline 0.001 -20"><span class='ocrx_word' id='word_1_13' title='bbox 191 705 340 774; x_wconf 77' lang='lat' dir='ltr'>robustae,</span> <span class='ocrx_word' id='word_1_14' title='bbox 373 705 453 786; x_wconf 93' lang='lat' dir='ltr'>quod</span> <span class='ocrx_word' id='word_1_15' title='bbox 486 713 533 768; x_wconf 92' lang='lat' dir='ltr'>est</span> <span class='ocrx_word' id='word_1_16' title='bbox 562 705 643 786; x_wconf 88' lang='lat' dir='ltr'>apud</span> <span class='ocrx_word' id='word_1_17' title='bbox 672 705 816 768; x_wconf 86' lang='lat' dir='ltr'>orationis</span> <span class='ocrx_word' id='word_1_18' title='bbox 843 705 958 768; x_wconf 81' lang='lat' dir='ltr'>solutae</span> <span class='ocrx_word' id='word_1_19' title='bbox 980 707 1139 786; x_wconf 68' lang='lat' dir='ltr'><strong>scriptores</strong></span> <span class='ocrx_word' id='word_1_20' title='bbox 1167 701 1330 787; x_wconf 73' lang='grc' dir='ltr'><strong><em>ἀκμάζων.</em></strong></span> 
     </span>
     <span class='ocr_line' id='line_1_4' title="bbox 193 803 1331 885; baseline 0.001 -19"><span class='ocrx_word' id='word_1_21' title='bbox 193 807 258 878; x_wconf 81' lang='lat' dir='ltr'>Qua</span> <span class='ocrx_word' id='word_1_22' title='bbox 279 805 306 865; x_wconf 90' lang='lat' dir='ltr'>vi</span> <span class='ocrx_word' id='word_1_23' title='bbox 328 811 443 865; x_wconf 89' lang='lat' dir='ltr'>servata</span> <span class='ocrx_word' id='word_1_24' title='bbox 459 822 526 866; x_wconf 92' lang='lat' dir='ltr'>cum</span> <span class='ocrx_word' id='word_1_25' title='bbox 542 803 612 865; x_wconf 87' lang='lat' dir='ltr'>alibi</span> <span class='ocrx_word' id='word_1_26' title='bbox 628 812 692 866; x_wconf 90' lang='lat' dir='ltr'>tum</span> <span class='ocrx_word' id='word_1_27' title='bbox 715 805 747 866; x_wconf 91' lang='lat' dir='ltr'>in</span> <span class='ocrx_word' id='word_1_28' title='bbox 768 804 826 866; x_wconf 90' lang='lat' dir='ltr'>illis</span> <span class='ocrx_word' id='word_1_29' title='bbox 841 804 1010 885; x_wconf 75' lang='lat' dir='ltr'>Aeschyleis</span> <span class='ocrx_word' id='word_1_30' title='bbox 1030 805 1104 868; x_wconf 90' lang='lat' dir='ltr'>locis</span> <span class='ocrx_word' id='word_1_31' title='bbox 1127 814 1287 885; x_wconf 87' lang='lat' dir='ltr'>usurpatur</span> <span class='ocrx_word' id='word_1_32' title='bbox 1301 814 1331 867; x_wconf 92' lang='lat' dir='ltr'>et</span> 
     </span>
     <span class='ocr_line' id='line_1_5' title="bbox 192 902 1331 985; baseline 0.004 -20"><span class='ocrx_word' id='word_1_33' title='bbox 192 905 255 984; x_wconf 90' lang='lat' dir='ltr'>ipse</span> <span class='ocrx_word' id='word_1_34' title='bbox 270 903 432 984; x_wconf 90' lang='lat' dir='ltr'>Sophocles</span> <span class='ocrx_word' id='word_1_35' title='bbox 447 903 504 964; x_wconf 91' lang='lat' dir='ltr'>hoc</span> <span class='ocrx_word' id='word_1_36' title='bbox 524 902 702 965; x_wconf 85' lang='lat' dir='ltr'>adiectirum</span> <span class='ocrx_word' id='word_1_37' title='bbox 726 921 817 966; x_wconf 88' lang='lat' dir='ltr'>sensu</span> <span class='ocrx_word' id='word_1_38' title='bbox 839 903 902 966; x_wconf 90' lang='lat' dir='ltr'>eius</span> <span class='ocrx_word' id='word_1_39' title='bbox 918 903 1017 965; x_wconf 79' lang='lat' dir='ltr'>nativo</span> <span class='ocrx_word' id='word_1_40' title='bbox 1032 913 1147 966; x_wconf 82' lang='lat' dir='ltr'>servato</span> <span class='ocrx_word' id='word_1_41' title='bbox 1161 905 1197 967; x_wconf 92' lang='lat' dir='ltr'>ad</span> <span class='ocrx_word' id='word_1_42' title='bbox 1212 912 1331 985; x_wconf 86' lang='lat' dir='ltr'>tempus</span> 
     </span>
     <span class='ocr_line' id='line_1_6' title="bbox 193 1000 527 1064; baseline -0.006 0"><span class='ocrx_word' id='word_1_43' title='bbox 193 1001 335 1064; x_wconf 80' lang='lat' dir='ltr'>transfert</span> <span class='ocrx_word' id='word_1_44' title='bbox 356 1002 402 1064; x_wconf 83' lang='lat' dir='ltr'>ti.</span> <span class='ocrx_word' id='word_1_45' title='bbox 426 1023 451 1062; x_wconf 83' lang='lat' dir='ltr'>r.</span> <span class='ocrx_word' id='word_1_46' title='bbox 468 1000 527 1062; x_wconf 82' lang='lat'>921</span> 
     </span>
    </p>
   </div>
   <div class='ocr_carea' id='block_1_3' title="bbox 292 1142 872 1233">
    <p class='ocr_par' dir='ltr' id='par_1_3' title="bbox 292 1142 872 1233">
     <span class='ocr_line' id='line_1_7' title="bbox 292 1142 872 1233; baseline -0.005 -19"><span class='ocrx_word' id='word_1_47' title='bbox 292 1142 339 1224; x_wconf 74' lang='grc' dir='ltr'>ὥς</span> <span class='ocrx_word' id='word_1_48' title='bbox 360 1145 515 1233; x_wconf 76' lang='grc' dir='ltr'>ἀκμαῖος,</span> <span class='ocrx_word' id='word_1_49' title='bbox 539 1149 571 1212; x_wconf 80' lang='grc' dir='ltr'>εί</span> <span class='ocrx_word' id='word_1_50' title='bbox 591 1151 686 1232; x_wconf 75' lang='grc' dir='ltr'><strong><em>βαίη,</em></strong></span> <span class='ocrx_word' id='word_1_51' title='bbox 704 1143 740 1213; x_wconf 80' lang='grc' dir='ltr'>’ν</span> <span class='ocrx_word' id='word_1_52' title='bbox 760 1147 872 1231; x_wconf 74' lang='grc' dir='ltr'><strong><em>μόλοι,</em></strong></span> 
     </span>
    </p>
   </div>
   <div class='ocr_carea' id='block_1_4' title="bbox 134 1295 1336 4150">
    <p class='ocr_par' dir='ltr' id='par_1_4' title="bbox 134 1295 1336 4057">
     <span class='ocr_line' id='line_1_8' title="bbox 192 1295 1333 1386; baseline -0.004 -20"><span class='ocrx_word' id='word_1_53' title='bbox 192 1305 211 1365; x_wconf 87' lang='lat' dir='ltr'>i.</span> <span class='ocrx_word' id='word_1_54' title='bbox 234 1325 259 1366; x_wconf 94' lang='lat' dir='ltr'>e.</span> <span class='ocrx_word' id='word_1_55' title='bbox 282 1308 314 1366; x_wconf 79' lang='lat' dir='ltr'>tn</span> <span class='ocrx_word' id='word_1_56' title='bbox 334 1307 393 1386; x_wconf 76' lang='lat' dir='ltr'>ipso</span> <span class='ocrx_word' id='word_1_57' title='bbox 415 1309 549 1384; x_wconf 77' lang='lat' dir='ltr'>temporis</span> <span class='ocrx_word' id='word_1_58' title='bbox 569 1315 709 1367; x_wconf 78' lang='lat' dir='ltr'>nomento</span> <span class='ocrx_word' id='word_1_59' title='bbox 730 1323 752 1364; x_wconf 84' lang='lat' dir='ltr'>s.</span> <span class='ocrx_word' id='word_1_60' title='bbox 777 1306 1041 1384; x_wconf 74' lang='lat' dir='ltr'>opportunissimus.</span> <span class='ocrx_word' id='word_1_61' title='bbox 1085 1303 1162 1383; x_wconf 84' lang='lat' dir='ltr'>Ergo</span> <span class='ocrx_word' id='word_1_62' title='bbox 1191 1295 1333 1381; x_wconf 78' lang='grc' dir='ltr'><strong><em>ἀκμαῖος</em></strong></span> 
     </span>
     <span class='ocr_line' id='line_1_9' title="bbox 192 1400 1332 1485; baseline -0.002 -21"><span class='ocrx_word' id='word_1_63' title='bbox 192 1403 242 1465; x_wconf 88' lang='lat' dir='ltr'>hic</span> <span class='ocrx_word' id='word_1_64' title='bbox 269 1404 333 1466; x_wconf 91' lang='lat' dir='ltr'>seni</span> <span class='ocrx_word' id='word_1_65' title='bbox 360 1404 533 1484; x_wconf 88' lang='lat' dir='ltr'>imperatori</span> <span class='ocrx_word' id='word_1_66' title='bbox 567 1404 676 1484; x_wconf 92' lang='lat' dir='ltr'>opponi</span> <span class='ocrx_word' id='word_1_67' title='bbox 705 1403 819 1483; x_wconf 93' lang='lat' dir='ltr'>nequit.</span> <span class='ocrx_word' id='word_1_68' title='bbox 858 1400 965 1485; x_wconf 80' lang='grc' dir='ltr'><strong><em>Γηράς</em></strong></span> <span class='ocrx_word' id='word_1_69' title='bbox 986 1413 1085 1464; x_wconf 90' lang='lat' dir='ltr'>autem</span> <span class='ocrx_word' id='word_1_70' title='bbox 1108 1404 1230 1483; x_wconf 89' lang='lat' dir='ltr'>recepit,</span> <span class='ocrx_word' id='word_1_71' title='bbox 1252 1401 1332 1482; x_wconf 93' lang='lat' dir='ltr'>quod</span> 
     </span>
     <span class='ocr_line' id='line_1_10' title="bbox 194 1501 1334 1586; baseline -0.001 -22"><span class='ocrx_word' id='word_1_72' title='bbox 194 1502 290 1565; x_wconf 84' lang='lat' dir='ltr'>verbis</span> <span class='ocrx_word' id='word_1_73' title='bbox 317 1501 402 1586; x_wconf 76' lang='grc' dir='ltr'>γήρᾳ</span> <span class='ocrx_word' id='word_1_74' title='bbox 430 1504 601 1585; x_wconf 76' lang='grc' dir='ltr'>σημαίνων</span> <span class='ocrx_word' id='word_1_75' title='bbox 628 1501 806 1575; x_wconf 74' lang='lat' dir='ltr'>offendebat,</span> <span class='ocrx_word' id='word_1_76' title='bbox 839 1501 950 1583; x_wconf 91' lang='lat' dir='ltr'>quippe</span> <span class='ocrx_word' id='word_1_77' title='bbox 983 1521 1057 1584; x_wconf 88' lang='lat' dir='ltr'>quae</span> <span class='ocrx_word' id='word_1_78' title='bbox 1089 1503 1163 1564; x_wconf 85' lang='lat' dir='ltr'>nihil</span> <span class='ocrx_word' id='word_1_79' title='bbox 1195 1502 1251 1564; x_wconf 90' lang='lat' dir='ltr'>uisi</span> <span class='ocrx_word' id='word_1_80' title='bbox 1283 1509 1334 1563; x_wconf 91' lang='lat' dir='ltr'>aut</span> 
     </span>
     <span class='ocr_line' id='line_1_11' title="bbox 196 1601 1333 1684; baseline -0.001 -21"><span class='ocrx_word' id='word_1_81' title='bbox 196 1603 341 1665; x_wconf 81' lang='lat' dir='ltr'>senectuti</span> <span class='ocrx_word' id='word_1_82' title='bbox 362 1603 557 1684; x_wconf 71' lang='lat' dir='ltr'>imperantem</span> <span class='ocrx_word' id='word_1_83' title='bbox 574 1609 626 1663; x_wconf 91' lang='lat' dir='ltr'>aut</span> <span class='ocrx_word' id='word_1_84' title='bbox 640 1601 838 1682; x_wconf 84' lang='lat' dir='ltr'>imperantem</span> <span class='ocrx_word' id='word_1_85' title='bbox 853 1609 1009 1663; x_wconf 75' lang='lat' dir='ltr'>senectute</span> <span class='ocrx_word' id='word_1_86' title='bbox 1024 1601 1187 1681; x_wconf 86' lang='lat' dir='ltr'>significare</span> <span class='ocrx_word' id='word_1_87' title='bbox 1200 1608 1333 1680; x_wconf 79' lang='lat' dir='ltr'>possent.</span> 
     </span>
     <span class='ocr_line' id='line_1_12' title="bbox 195 1696 1336 1784; baseline -0.003 -22"><span class='ocrx_word' id='word_1_88' title='bbox 195 1705 232 1762; x_wconf 84' lang='lat' dir='ltr'>nt</span> <span class='ocrx_word' id='word_1_89' title='bbox 264 1702 346 1782; x_wconf 87' lang='lat' dir='ltr'>quid,</span> <span class='ocrx_word' id='word_1_90' title='bbox 380 1720 501 1784; x_wconf 90' lang='lat' dir='ltr'>quaeso,</span> <span class='ocrx_word' id='word_1_91' title='bbox 534 1701 656 1764; x_wconf 86' lang='lat' dir='ltr'>olleudit</span> <span class='ocrx_word' id='word_1_92' title='bbox 687 1701 735 1763; x_wconf 92' lang='lat' dir='ltr'>hic</span> <span class='ocrx_word' id='word_1_93' title='bbox 768 1718 888 1764; x_wconf 88' lang='lat' dir='ltr'>seusus:</span> <span class='ocrx_word' id='word_1_94' title='bbox 923 1706 1076 1762; x_wconf 69' lang='lat' dir='ltr'>‘munte</span> <span class='ocrx_word' id='word_1_95' title='bbox 1107 1696 1273 1780; x_wconf 76' lang='lat' dir='ltr'>rinperons’‚</span> <span class='ocrx_word' id='word_1_96' title='bbox 1306 1707 1336 1760; x_wconf 92' lang='lat' dir='ltr'>et</span> 
     </span>
     <span class='ocr_line' id='line_1_13' title="bbox 193 1789 1334 1880; baseline -0.001 -19"><span class='ocrx_word' id='word_1_97' title='bbox 193 1800 307 1862; x_wconf 87' lang='lat' dir='ltr'>dativus</span> <span class='ocrx_word' id='word_1_98' title='bbox 327 1801 522 1863; x_wconf 85' lang='lat' dir='ltr'>instrumenti</span> <span class='ocrx_word' id='word_1_99' title='bbox 545 1801 588 1861; x_wconf 87' lang='lat' dir='ltr'>vel</span> <span class='ocrx_word' id='word_1_100' title='bbox 611 1795 739 1862; x_wconf 81' lang='lat' dir='ltr'>causae?</span> <span class='ocrx_word' id='word_1_101' title='bbox 776 1800 835 1862; x_wconf 86' lang='lat' dir='ltr'>Sed</span> <span class='ocrx_word' id='word_1_102' title='bbox 858 1819 926 1861; x_wconf 94' lang='lat' dir='ltr'>cum</span> <span class='ocrx_word' id='word_1_103' title='bbox 950 1799 1010 1860; x_wconf 90' lang='lat' dir='ltr'>sola</span> <span class='ocrx_word' id='word_1_104' title='bbox 1033 1798 1173 1860; x_wconf 89' lang='lat' dir='ltr'>vocabula</span> <span class='ocrx_word' id='word_1_105' title='bbox 1189 1789 1334 1880; x_wconf 78' lang='grc' dir='ltr'><strong><em>α’κμαίος</em></strong></span> 
     </span>
     <span class='ocr_line' id='line_1_14' title="bbox 193 1893 1334 1984; baseline -0.001 -24"><span class='ocrx_word' id='word_1_106' title='bbox 193 1907 223 1961; x_wconf 91' lang='lat' dir='ltr'>et</span> <span class='ocrx_word' id='word_1_107' title='bbox 243 1896 345 1982; x_wconf 77' lang='grc' dir='ltr'><strong><em>γηράς</em></strong></span> <span class='ocrx_word' id='word_1_108' title='bbox 366 1899 421 1963; x_wconf 91' lang='lat' dir='ltr'>sibi</span> <span class='ocrx_word' id='word_1_109' title='bbox 443 1900 552 1980; x_wconf 91' lang='lat' dir='ltr'>opponi</span> <span class='ocrx_word' id='word_1_110' title='bbox 573 1909 657 1961; x_wconf 91' lang='lat' dir='ltr'>ratus</span> <span class='ocrx_word' id='word_1_111' title='bbox 680 1917 734 1978; x_wconf 92' lang='lat' dir='ltr'>pro</span> <span class='ocrx_word' id='word_1_112' title='bbox 749 1899 904 1978; x_wconf 89' lang='lat' dir='ltr'>participio</span> <span class='ocrx_word' id='word_1_113' title='bbox 920 1898 1089 1980; x_wconf 77' lang='grc' dir='ltr'><strong><em>σημαίνων</em></strong></span> <span class='ocrx_word' id='word_1_114' title='bbox 1109 1897 1184 1984; x_wconf 88' lang='lat' dir='ltr'>illud</span> <span class='ocrx_word' id='word_1_115' title='bbox 1207 1893 1334 1978; x_wconf 82' lang='grc' dir='ltr'><strong><em>σημάν-</em></strong></span> 
     </span>
     <span class='ocr_line' id='line_1_15' title="bbox 192 1995 1334 2079; baseline -0.001 -20"><span class='ocrx_word' id='word_1_116' title='bbox 192 2019 259 2079; x_wconf 83' lang='grc' dir='ltr'>τωρ</span> <span class='ocrx_word' id='word_1_117' title='bbox 280 1998 421 2060; x_wconf 90' lang='lat' dir='ltr'>substitui</span> <span class='ocrx_word' id='word_1_118' title='bbox 444 1999 539 2070; x_wconf 82' lang='lat' dir='ltr'>vellet,</span> <span class='ocrx_word' id='word_1_119' title='bbox 568 2018 603 2059; x_wconf 88' lang='lat' dir='ltr'>eo</span> <span class='ocrx_word' id='word_1_120' title='bbox 626 1997 770 2059; x_wconf 87' lang='lat' dir='ltr'>adductus</span> <span class='ocrx_word' id='word_1_121' title='bbox 793 2007 847 2068; x_wconf 90' lang='lat' dir='ltr'>est,</span> <span class='ocrx_word' id='word_1_122' title='bbox 873 2005 908 2059; x_wconf 93' lang='lat' dir='ltr'>ut</span> <span class='ocrx_word' id='word_1_123' title='bbox 933 2006 1038 2078; x_wconf 89' lang='lat' dir='ltr'>poetae</span> <span class='ocrx_word' id='word_1_124' title='bbox 1061 1995 1148 2057; x_wconf 82' lang='lat' dir='ltr'>rerba</span> <span class='ocrx_word' id='word_1_125' title='bbox 1180 2013 1239 2056; x_wconf 93' lang='lat' dir='ltr'>uon</span> <span class='ocrx_word' id='word_1_126' title='bbox 1263 1997 1334 2058; x_wconf 87' lang='lat' dir='ltr'>satis</span> 
     </span>
     <span class='ocr_line' id='line_1_16' title="bbox 193 2095 1332 2177; baseline 0.001 -20"><span class='ocrx_word' id='word_1_127' title='bbox 193 2105 272 2158; x_wconf 89' lang='lat' dir='ltr'>recte</span> <span class='ocrx_word' id='word_1_128' title='bbox 292 2097 485 2177; x_wconf 85' lang='lat' dir='ltr'>intellegeret.</span> <span class='ocrx_word' id='word_1_129' title='bbox 523 2097 676 2158; x_wconf 90' lang='lat' dir='ltr'>Sententia</span> <span class='ocrx_word' id='word_1_130' title='bbox 700 2096 780 2158; x_wconf 92' lang='lat' dir='ltr'>euim</span> <span class='ocrx_word' id='word_1_131' title='bbox 803 2097 927 2176; x_wconf 85' lang='lat' dir='ltr'>simplex</span> <span class='ocrx_word' id='word_1_132' title='bbox 949 2096 1004 2159; x_wconf 92' lang='lat' dir='ltr'>loci</span> <span class='ocrx_word' id='word_1_133' title='bbox 1027 2097 1102 2157; x_wconf 85' lang='lat' dir='ltr'>haee</span> <span class='ocrx_word' id='word_1_134' title='bbox 1117 2095 1232 2156; x_wconf 86' lang='lat' dir='ltr'>videtur</span> <span class='ocrx_word' id='word_1_135' title='bbox 1254 2115 1332 2158; x_wconf 92' lang='lat' dir='ltr'>esse:</span> 
     </span>
     <span class='ocr_line' id='line_1_17' title="bbox 195 2191 1334 2277; baseline 0.001 -22"><span class='ocrx_word' id='word_1_136' title='bbox 195 2202 297 2276; x_wconf 77' lang='grc' dir='ltr'><strong><em>ἠοοοι</em></strong></span> <span class='ocrx_word' id='word_1_137' title='bbox 317 2214 405 2276; x_wconf 82' lang='lat' dir='ltr'>neque</span> <span class='ocrx_word' id='word_1_138' title='bbox 426 2199 537 2257; x_wconf 68' lang='lat' dir='ltr'>iuventas</span> <span class='ocrx_word' id='word_1_139' title='bbox 558 2213 646 2275; x_wconf 84' lang='lat' dir='ltr'>neque</span> <span class='ocrx_word' id='word_1_140' title='bbox 668 2199 717 2275; x_wconf 86' lang='lat' dir='ltr'>qut</span> <span class='ocrx_word' id='word_1_141' title='bbox 737 2205 875 2256; x_wconf 66' lang='lat' dir='ltr'>senectus</span> <span class='ocrx_word' id='word_1_142' title='bbox 896 2199 1019 2275; x_wconf 79' lang='lat' dir='ltr'>imperet</span> <span class='ocrx_word' id='word_1_143' title='bbox 1041 2194 1222 2274; x_wconf 71' lang='lat' dir='ltr'>cnstmpuet&#39;.</span> <span class='ocrx_word' id='word_1_144' title='bbox 1249 2191 1334 2277; x_wconf 74' lang='grc' dir='ltr'>γήρᾳ</span> 
     </span>
     <span class='ocr_line' id='line_1_18' title="bbox 193 2287 1334 2375; baseline 0 -19"><span class='ocrx_word' id='word_1_145' title='bbox 193 2295 365 2375; x_wconf 77' lang='grc' dir='ltr'><strong><em>σημαίνων</em></strong></span> <span class='ocrx_word' id='word_1_146' title='bbox 391 2303 435 2356; x_wconf 89' lang='lat' dir='ltr'>est</span> <span class='ocrx_word' id='word_1_147' title='bbox 461 2294 488 2356; x_wconf 90' lang='lat' dir='ltr'>is</span> <span class='ocrx_word' id='word_1_148' title='bbox 515 2294 565 2374; x_wconf 93' lang='lat' dir='ltr'>qui</span> <span class='ocrx_word' id='word_1_149' title='bbox 588 2303 742 2354; x_wconf 78' lang='lat' dir='ltr'>senectute</span> <span class='ocrx_word' id='word_1_150' title='bbox 764 2293 783 2356; x_wconf 91' lang='lat' dir='ltr'>i.</span> <span class='ocrx_word' id='word_1_151' title='bbox 806 2313 832 2354; x_wconf 94' lang='lat' dir='ltr'>e.</span> <span class='ocrx_word' id='word_1_152' title='bbox 855 2287 978 2373; x_wconf 82' lang='lat' dir='ltr'>pro&#39;pter</span> <span class='ocrx_word' id='word_1_153' title='bbox 1003 2300 1187 2356; x_wconf 72' lang='lat' dir='ltr'>senmtutem</span> <span class='ocrx_word' id='word_1_154' title='bbox 1211 2293 1334 2373; x_wconf 90' lang='lat' dir='ltr'>eiusque</span> 
     </span>
     <span class='ocr_line' id='line_1_19' title="bbox 192 2391 1332 2474; baseline 0 -20"><span class='ocrx_word' id='word_1_155' title='bbox 192 2393 317 2456; x_wconf 77' lang='lat' dir='ltr'>uirtutes</span> <span class='ocrx_word' id='word_1_156' title='bbox 349 2401 438 2474; x_wconf 90' lang='lat' dir='ltr'>atque</span> <span class='ocrx_word' id='word_1_157' title='bbox 470 2402 548 2454; x_wconf 88' lang='lat' dir='ltr'>artes</span> <span class='ocrx_word' id='word_1_158' title='bbox 576 2392 738 2473; x_wconf 87' lang='lat' dir='ltr'>imperium</span> <span class='ocrx_word' id='word_1_159' title='bbox 765 2391 850 2471; x_wconf 89' lang='lat' dir='ltr'>gerit.</span> <span class='ocrx_word' id='word_1_160' title='bbox 895 2392 985 2454; x_wconf 85' lang='lat' dir='ltr'>Recte</span> <span class='ocrx_word' id='word_1_161' title='bbox 1018 2392 1140 2472; x_wconf 90' lang='lat' dir='ltr'>quidem</span> <span class='ocrx_word' id='word_1_162' title='bbox 1170 2409 1187 2452; x_wconf 89' lang='lat' dir='ltr'>e</span> <span class='ocrx_word' id='word_1_163' title='bbox 1213 2391 1332 2471; x_wconf 87' lang='lat' dir='ltr'>Reisigii</span> 
     </span>
     <span class='ocr_line' id='line_1_20' title="bbox 193 2491 1331 2570; baseline 0 -16"><span class='ocrx_word' id='word_1_164' title='bbox 193 2493 341 2554; x_wconf 88' lang='lat' dir='ltr'>sententia</span> <span class='ocrx_word' id='word_1_165' title='bbox 368 2512 392 2553; x_wconf 91' lang='lat' dir='ltr'>v.</span> <span class='ocrx_word' id='word_1_166' title='bbox 417 2492 452 2553; x_wconf 90' lang='lat' dir='ltr'>cl.</span> <span class='ocrx_word' id='word_1_167' title='bbox 476 2492 629 2554; x_wconf 83' lang='lat' dir='ltr'>adseverat</span> <span class='ocrx_word' id='word_1_168' title='bbox 657 2491 864 2570; x_wconf 85' lang='lat' dir='ltr'>imperatorem</span> <span class='ocrx_word' id='word_1_169' title='bbox 894 2491 956 2552; x_wconf 91' lang='lat' dir='ltr'>sive</span> <span class='ocrx_word' id='word_1_170' title='bbox 984 2491 1119 2552; x_wconf 84' lang='lat' dir='ltr'>iuvenem</span> <span class='ocrx_word' id='word_1_171' title='bbox 1143 2491 1206 2552; x_wconf 79' lang='lat' dir='ltr'>sire</span> <span class='ocrx_word' id='word_1_172' title='bbox 1227 2509 1331 2554; x_wconf 89' lang='lat' dir='ltr'>senem</span> 
     </span>
     <span class='ocr_line' id='line_1_21' title="bbox 193 2589 1332 2670; baseline 0.002 -20"><span class='ocrx_word' id='word_1_173' title='bbox 193 2590 336 2652; x_wconf 88' lang='lat' dir='ltr'>hocloco</span> <span class='ocrx_word' id='word_1_174' title='bbox 358 2590 481 2670; x_wconf 77' lang='lat' dir='ltr'>requin,</span> <span class='ocrx_word' id='word_1_175' title='bbox 501 2589 531 2652; x_wconf 94' lang='lat' dir='ltr'>id</span> <span class='ocrx_word' id='word_1_176' title='bbox 554 2591 634 2670; x_wconf 92' lang='lat' dir='ltr'>quod</span> <span class='ocrx_word' id='word_1_177' title='bbox 657 2599 783 2669; x_wconf 87' lang='lat' dir='ltr'>negatur</span> <span class='ocrx_word' id='word_1_178' title='bbox 804 2609 820 2652; x_wconf 90' lang='lat' dir='ltr'>a</span> <span class='ocrx_word' id='word_1_179' title='bbox 841 2590 988 2653; x_wconf 84' lang='lat' dir='ltr'>lteiuekio</span> <span class='ocrx_word' id='word_1_180' title='bbox 1011 2607 1072 2652; x_wconf 90' lang='lat' dir='ltr'>non</span> <span class='ocrx_word' id='word_1_181' title='bbox 1095 2597 1253 2670; x_wconf 87' lang='lat' dir='ltr'>reputante</span> <span class='ocrx_word' id='word_1_182' title='bbox 1274 2591 1332 2652; x_wconf 84' lang='lat' dir='ltr'>tale</span> 
     </span>
     <span class='ocr_line' id='line_1_22' title="bbox 193 2685 1333 2772; baseline 0.002 -22"><span class='ocrx_word' id='word_1_183' title='bbox 193 2689 263 2769; x_wconf 89' lang='lat' dir='ltr'>quid</span> <span class='ocrx_word' id='word_1_184' title='bbox 286 2699 321 2749; x_wconf 92' lang='lat' dir='ltr'>ut</span> <span class='ocrx_word' id='word_1_185' title='bbox 340 2689 419 2766; x_wconf 82' lang='lat' dir='ltr'>Juug</span> <span class='ocrx_word' id='word_1_186' title='bbox 440 2708 469 2749; x_wconf 89' lang='lat' dir='ltr'>u.</span> <span class='ocrx_word' id='word_1_187' title='bbox 485 2689 543 2759; x_wconf 81' lang='lat' dir='ltr'>dlt,</span> <span class='ocrx_word' id='word_1_188' title='bbox 565 2707 690 2769; x_wconf 89' lang='lat' dir='ltr'>puerum</span> <span class='ocrx_word' id='word_1_189' title='bbox 713 2699 804 2770; x_wconf 81' lang='lat' dir='ltr'>etque</span> <span class='ocrx_word' id='word_1_190' title='bbox 826 2708 938 2764; x_wconf 74' lang='lat' dir='ltr'>senem,</span> <span class='ocrx_word' id='word_1_191' title='bbox 962 2691 1095 2753; x_wconf 83' lang='grc' dir='ltr'><strong><em>νεανίαν</em></strong></span> <span class='ocrx_word' id='word_1_192' title='bbox 1115 2689 1173 2751; x_wconf 76' lang='grc' dir='ltr'>καί</span> <span class='ocrx_word' id='word_1_193' title='bbox 1193 2685 1333 2772; x_wconf 71' lang='grc' dir='ltr'><strong><em>γέροντο</em></strong></span> 
     </span>
     <span class='ocr_line' id='line_1_23' title="bbox 192 2787 1332 2869; baseline 0 -21"><span class='ocrx_word' id='word_1_194' title='bbox 192 2805 247 2867; x_wconf 91' lang='lat' dir='ltr'>pro</span> <span class='ocrx_word' id='word_1_195' title='bbox 262 2787 440 2866; x_wconf 90' lang='lat' dir='ltr'>pronomine</span> <span class='ocrx_word' id='word_1_196' title='bbox 461 2787 552 2848; x_wconf 90' lang='lat' dir='ltr'>aienti</span> <span class='ocrx_word' id='word_1_197' title='bbox 568 2805 796 2869; x_wconf 92' lang='lat' dir='ltr'>unoquoque</span> <span class='ocrx_word' id='word_1_198' title='bbox 818 2790 862 2850; x_wconf 85' lang='lat' dir='ltr'>rel</span> <span class='ocrx_word' id='word_1_199' title='bbox 885 2790 978 2862; x_wconf 79' lang='lat' dir='ltr'>omui,</span> <span class='ocrx_word' id='word_1_200' title='bbox 1002 2789 1128 2850; x_wconf 92' lang='lat' dir='ltr'>minime</span> <span class='ocrx_word' id='word_1_201' title='bbox 1142 2809 1197 2868; x_wconf 89' lang='lat' dir='ltr'>pro</span> <span class='ocrx_word' id='word_1_202' title='bbox 1213 2787 1332 2868; x_wconf 79' lang='lat' dir='ltr'>neganti</span> 
     </span>
     <span class='ocr_line' id='line_1_24' title="bbox 192 2886 1331 2968; baseline -0.001 -20"><span class='ocrx_word' id='word_1_203' title='bbox 192 2886 337 2948; x_wconf 90' lang='lat' dir='ltr'>nemine</span> <span class='ocrx_word' id='word_1_204' title='bbox 358 2887 404 2946; x_wconf 78' lang='lat' dir='ltr'>vel</span> <span class='ocrx_word' id='word_1_205' title='bbox 424 2886 506 2946; x_wconf 89' lang='lat' dir='ltr'>nullo</span> <span class='ocrx_word' id='word_1_206' title='bbox 527 2887 583 2948; x_wconf 93' lang='lat' dir='ltr'>dici</span> <span class='ocrx_word' id='word_1_207' title='bbox 599 2895 650 2948; x_wconf 80' lang='lat' dir='ltr'>sut</span> <span class='ocrx_word' id='word_1_208' title='bbox 671 2887 729 2948; x_wconf 92' lang='lat' dir='ltr'>dici</span> <span class='ocrx_word' id='word_1_209' title='bbox 743 2905 841 2968; x_wconf 88' lang='lat' dir='ltr'>posse.</span> <span class='ocrx_word' id='word_1_210' title='bbox 879 2889 936 2950; x_wconf 90' lang='lat' dir='ltr'>Sed</span> <span class='ocrx_word' id='word_1_211' title='bbox 953 2889 1033 2966; x_wconf 90' lang='lat' dir='ltr'>qnod</span> <span class='ocrx_word' id='word_1_212' title='bbox 1047 2888 1160 2950; x_wconf 82' lang='lat' dir='ltr'>Ritsoht</span> <span class='ocrx_word' id='word_1_213' title='bbox 1183 2888 1293 2950; x_wconf 88' lang='lat' dir='ltr'>diserte</span> <span class='ocrx_word' id='word_1_214' title='bbox 1315 2905 1331 2947; x_wconf 92' lang='lat' dir='ltr'>a</span> 
     </span>
     <span class='ocr_line' id='line_1_25' title="bbox 193 2983 1331 3066; baseline 0.002 -22"><span class='ocrx_word' id='word_1_215' title='bbox 193 2993 280 3064; x_wconf 88' lang='lat' dir='ltr'>poeta</span> <span class='ocrx_word' id='word_1_216' title='bbox 314 2983 502 3044; x_wconf 88' lang='lat' dir='ltr'>enuntiatum</span> <span class='ocrx_word' id='word_1_217' title='bbox 536 2984 608 3056; x_wconf 87' lang='lat' dir='ltr'>vult,</span> <span class='ocrx_word' id='word_1_218' title='bbox 644 2987 794 3048; x_wconf 91' lang='lat' dir='ltr'>sententia</span> <span class='ocrx_word' id='word_1_219' title='bbox 832 2987 1010 3048; x_wconf 86' lang='lat' dir='ltr'>continetur.</span> <span class='ocrx_word' id='word_1_220' title='bbox 1065 2985 1138 3048; x_wconf 88' lang='lat' dir='ltr'>Nam</span> <span class='ocrx_word' id='word_1_221' title='bbox 1175 2995 1331 3066; x_wconf 87' lang='lat' dir='ltr'>postquam</span> 
     </span>
     <span class='ocr_line' id='line_1_26' title="bbox 194 3081 1332 3164; baseline 0.003 -20"><span class='ocrx_word' id='word_1_222' title='bbox 194 3082 311 3161; x_wconf 87' lang='lat' dir='ltr'>negarit</span> <span class='ocrx_word' id='word_1_223' title='bbox 337 3091 424 3162; x_wconf 88' lang='lat' dir='ltr'>poeta</span> <span class='ocrx_word' id='word_1_224' title='bbox 452 3081 558 3144; x_wconf 84' lang='lat' dir='ltr'>olivam</span> <span class='ocrx_word' id='word_1_225' title='bbox 581 3084 760 3146; x_wconf 82' lang='lat' dir='ltr'>exstinctum</span> <span class='ocrx_word' id='word_1_226' title='bbox 782 3085 820 3146; x_wconf 90' lang='lat' dir='ltr'>iri</span> <span class='ocrx_word' id='word_1_227' title='bbox 841 3105 858 3146; x_wconf 91' lang='lat' dir='ltr'>a</span> <span class='ocrx_word' id='word_1_228' title='bbox 879 3085 995 3158; x_wconf 88' lang='lat' dir='ltr'>iuvene,</span> <span class='ocrx_word' id='word_1_229' title='bbox 1017 3084 1099 3146; x_wconf 89' lang='lat' dir='ltr'>addit</span> <span class='ocrx_word' id='word_1_230' title='bbox 1120 3103 1219 3164; x_wconf 92' lang='lat' dir='ltr'>neque</span> <span class='ocrx_word' id='word_1_231' title='bbox 1239 3085 1275 3147; x_wconf 86' lang='lat' dir='ltr'>ab</span> <span class='ocrx_word' id='word_1_232' title='bbox 1297 3105 1332 3146; x_wconf 90' lang='lat' dir='ltr'>eo</span> 
     </span>
     <span class='ocr_line' id='line_1_27' title="bbox 193 3179 1333 3266; baseline 0.002 -23"><span class='ocrx_word' id='word_1_233' title='bbox 193 3182 244 3263; x_wconf 91' lang='lat' dir='ltr'>qui</span> <span class='ocrx_word' id='word_1_234' title='bbox 267 3187 423 3242; x_wconf 88' lang='lat' dir='ltr'>senectute</span> <span class='ocrx_word' id='word_1_235' title='bbox 443 3179 578 3260; x_wconf 90' lang='lat' dir='ltr'>imperet.</span> <span class='ocrx_word' id='word_1_236' title='bbox 623 3181 687 3254; x_wconf 81' lang='lat' dir='ltr'>Qua</span> <span class='ocrx_word' id='word_1_237' title='bbox 714 3182 855 3263; x_wconf 88' lang='lat' dir='ltr'>loquendi</span> <span class='ocrx_word' id='word_1_238' title='bbox 879 3183 1006 3246; x_wconf 80' lang='lat' dir='ltr'>formula</span> <span class='ocrx_word' id='word_1_239' title='bbox 1030 3182 1166 3258; x_wconf 78' lang='lat' dir='ltr'>eflicitur,</span> <span class='ocrx_word' id='word_1_240' title='bbox 1193 3190 1226 3247; x_wconf 89' lang='lat' dir='ltr'>ut</span> <span class='ocrx_word' id='word_1_241' title='bbox 1249 3184 1333 3266; x_wconf 89' lang='lat' dir='ltr'>quasi</span> 
     </span>
     <span class='ocr_line' id='line_1_28' title="bbox 192 3274 1333 3364; baseline 0.001 -21"><span class='ocrx_word' id='word_1_242' title='bbox 192 3301 245 3364; x_wconf 93' lang='lat' dir='ltr'>per</span> <span class='ocrx_word' id='word_1_243' title='bbox 273 3281 396 3362; x_wconf 85' lang='lat' dir='ltr'>tigruam</span> <span class='ocrx_word' id='word_1_244' title='bbox 426 3279 574 3360; x_wconf 87' lang='lat' dir='ltr'>quandam</span> <span class='ocrx_word' id='word_1_245' title='bbox 603 3274 672 3342; x_wconf 76' lang='grc' dir='ltr'>ἀπὸ</span> <span class='ocrx_word' id='word_1_246' title='bbox 698 3280 812 3345; x_wconf 83' lang='grc' dir='ltr'><strong><em>κοινοῦ</em></strong></span> <span class='ocrx_word' id='word_1_247' title='bbox 841 3283 936 3364; x_wconf 89' lang='lat' dir='ltr'>poetis</span> <span class='ocrx_word' id='word_1_248' title='bbox 960 3282 1183 3346; x_wconf 88' lang='lat' dir='ltr'>usitatissimam</span> <span class='ocrx_word' id='word_1_249' title='bbox 1204 3282 1333 3346; x_wconf 85' lang='lat' dir='ltr'>audituri</span> 
     </span>
     <span class='ocr_line' id='line_1_29' title="bbox 191 3379 1333 3464; baseline 0.001 -21"><span class='ocrx_word' id='word_1_250' title='bbox 191 3381 363 3460; x_wconf 85' lang='lat' dir='ltr'>intellegant</span> <span class='ocrx_word' id='word_1_251' title='bbox 385 3379 522 3440; x_wconf 88' lang='lat' dir='ltr'>iuvenem</span> <span class='ocrx_word' id='word_1_252' title='bbox 546 3399 665 3460; x_wconf 89' lang='lat' dir='ltr'>quoque</span> <span class='ocrx_word' id='word_1_253' title='bbox 697 3379 907 3462; x_wconf 87' lang='lat' dir='ltr'>imperatorem</span> <span class='ocrx_word' id='word_1_254' title='bbox 931 3380 1083 3464; x_wconf 90' lang='lat' dir='ltr'>designari.</span> <span class='ocrx_word' id='word_1_255' title='bbox 1122 3382 1222 3457; x_wconf 79' lang='lat' dir='ltr'>Quum</span> <span class='ocrx_word' id='word_1_256' title='bbox 1244 3382 1333 3463; x_wconf 88' lang='lat' dir='ltr'>igitur</span> 
     </span>
     <span class='ocr_line' id='line_1_30' title="bbox 193 3469 1332 3560; baseline 0.001 -20"><span class='ocrx_word' id='word_1_257' title='bbox 193 3479 281 3540; x_wconf 90' lang='lat' dir='ltr'>verba</span> <span class='ocrx_word' id='word_1_258' title='bbox 304 3469 380 3540; x_wconf 79' lang='grc' dir='ltr'><strong><em>οἷίτε</em></strong></span> <span class='ocrx_word' id='word_1_259' title='bbox 399 3475 485 3560; x_wconf 76' lang='grc' dir='ltr'>γήρᾳ</span> <span class='ocrx_word' id='word_1_260' title='bbox 511 3469 683 3560; x_wconf 88' lang='grc' dir='ltr'><strong><em>σημαίνων</em></strong></span> <span class='ocrx_word' id='word_1_261' title='bbox 708 3499 779 3542; x_wconf 91' lang='lat' dir='ltr'>sana</span> <span class='ocrx_word' id='word_1_262' title='bbox 802 3489 832 3543; x_wconf 90' lang='lat' dir='ltr'>et</span> <span class='ocrx_word' id='word_1_263' title='bbox 854 3481 986 3544; x_wconf 85' lang='lat' dir='ltr'>Tricliuii</span> <span class='ocrx_word' id='word_1_264' title='bbox 1014 3482 1101 3544; x_wconf 93' lang='lat' dir='ltr'>lectio</span> <span class='ocrx_word' id='word_1_265' title='bbox 1127 3473 1188 3544; x_wconf 76' lang='lat' dir='ltr'>cdv</span> <span class='ocrx_word' id='word_1_266' title='bbox 1214 3475 1254 3544; x_wconf 81' lang='grc' dir='ltr'>οὔ</span> <span class='ocrx_word' id='word_1_267' title='bbox 1282 3503 1332 3554; x_wconf 80' lang='grc' dir='ltr'>τις</span> 
     </span>
     <span class='ocr_line' id='line_1_31' title="bbox 195 3571 1334 3660; baseline 0.004 -24"><span class='ocrx_word' id='word_1_268' title='bbox 195 3576 318 3637; x_wconf 89' lang='lat' dir='ltr'>traditae</span> <span class='ocrx_word' id='word_1_269' title='bbox 344 3573 382 3636; x_wconf 83' lang='grc' dir='ltr'>τὸ</span> <span class='ocrx_word' id='word_1_270' title='bbox 408 3577 470 3655; x_wconf 84' lang='grc' dir='ltr'>μέν</span> <span class='ocrx_word' id='word_1_271' title='bbox 497 3597 549 3650; x_wconf 83' lang='grc' dir='ltr'>τις</span> <span class='ocrx_word' id='word_1_272' title='bbox 571 3571 609 3640; x_wconf 80' lang='grc' dir='ltr'>οὔ</span> <span class='ocrx_word' id='word_1_273' title='bbox 634 3579 828 3660; x_wconf 86' lang='lat' dir='ltr'>praeferenda</span> <span class='ocrx_word' id='word_1_274' title='bbox 851 3600 915 3642; x_wconf 78' lang='lat' dir='ltr'>esse</span> <span class='ocrx_word' id='word_1_275' title='bbox 938 3581 1080 3654; x_wconf 85' lang='lat' dir='ltr'>videatur,</span> <span class='ocrx_word' id='word_1_276' title='bbox 1113 3583 1210 3642; x_wconf 90' lang='lat' dir='ltr'>solum</span> <span class='ocrx_word' id='word_1_277' title='bbox 1241 3588 1334 3642; x_wconf 89' lang='lat' dir='ltr'>restat</span> 
     </span>
     <span class='ocr_line' id='line_1_32' title="bbox 194 3669 1332 3760; baseline 0.004 -24"><span class='ocrx_word' id='word_1_278' title='bbox 194 3676 339 3756; x_wconf 84' lang='lat' dir='ltr'>glossema</span> <span class='ocrx_word' id='word_1_279' title='bbox 376 3669 509 3755; x_wconf 81' lang='grc' dir='ltr'><strong><em>νεαρός,</em></strong></span> <span class='ocrx_word' id='word_1_280' title='bbox 546 3695 606 3756; x_wconf 93' lang='lat' dir='ltr'>quo</span> <span class='ocrx_word' id='word_1_281' title='bbox 643 3696 658 3738; x_wconf 92' lang='lat' dir='ltr'>a</span> <span class='ocrx_word' id='word_1_282' title='bbox 695 3678 836 3740; x_wconf 85' lang='lat' dir='ltr'>Graeculo</span> <span class='ocrx_word' id='word_1_283' title='bbox 873 3680 1002 3760; x_wconf 90' lang='lat' dir='ltr'>quodam</span> <span class='ocrx_word' id='word_1_284' title='bbox 1034 3679 1224 3742; x_wconf 86' lang='lat' dir='ltr'>Homericum</span> <span class='ocrx_word' id='word_1_285' title='bbox 1261 3679 1332 3740; x_wconf 91' lang='lat' dir='ltr'>illud</span> 
     </span>
     <span class='ocr_line' id='line_1_33' title="bbox 193 3769 1332 3859; baseline 0.005 -24"><span class='ocrx_word' id='word_1_286' title='bbox 193 3769 336 3854; x_wconf 87' lang='grc' dir='ltr'><strong><em>αίζηός</em></strong></span> <span class='ocrx_word' id='word_1_287' title='bbox 357 3771 532 3852; x_wconf 83' lang='lat' dir='ltr'>explicatum</span> <span class='ocrx_word' id='word_1_288' title='bbox 549 3793 614 3836; x_wconf 87' lang='lat' dir='ltr'>esse</span> <span class='ocrx_word' id='word_1_289' title='bbox 629 3776 752 3838; x_wconf 87' lang='lat' dir='ltr'>conicio.</span> <span class='ocrx_word' id='word_1_290' title='bbox 786 3777 852 3850; x_wconf 86' lang='lat' dir='ltr'>Quo</span> <span class='ocrx_word' id='word_1_291' title='bbox 868 3779 938 3858; x_wconf 91' lang='lat' dir='ltr'>quid</span> <span class='ocrx_word' id='word_1_292' title='bbox 954 3777 1050 3859; x_wconf 92' lang='lat' dir='ltr'>aptius</span> <span class='ocrx_word' id='word_1_293' title='bbox 1066 3779 1101 3840; x_wconf 86' lang='lat' dir='ltr'>ad</span> <span class='ocrx_word' id='word_1_294' title='bbox 1117 3778 1332 3858; x_wconf 89' lang='lat' dir='ltr'>designandum</span> 
     </span>
     <span class='ocr_line' id='line_1_34' title="bbox 193 3871 1331 3940; baseline 0.004 -6"><span class='ocrx_word' id='word_1_295' title='bbox 193 3874 331 3936; x_wconf 87' lang='lat' dir='ltr'>iuvenem</span> <span class='ocrx_word' id='word_1_296' title='bbox 360 3871 488 3932; x_wconf 83' lang='lat' dir='ltr'>Xerxem</span> <span class='ocrx_word' id='word_1_297' title='bbox 523 3882 552 3935; x_wconf 93' lang='lat' dir='ltr'>et</span> <span class='ocrx_word' id='word_1_298' title='bbox 584 3881 686 3936; x_wconf 87' lang='lat' dir='ltr'>contra</span> <span class='ocrx_word' id='word_1_299' title='bbox 716 3875 921 3939; x_wconf 88' lang='lat' dir='ltr'>collocandum</span> <span class='ocrx_word' id='word_1_300' title='bbox 954 3877 1020 3940; x_wconf 91' lang='lat' dir='ltr'>seni</span> <span class='ocrx_word' id='word_1_301' title='bbox 1047 3873 1248 3939; x_wconf 80' lang='lat' dir='ltr'>Archidamo?</span> <span class='ocrx_word' id='word_1_302' title='bbox 1290 3877 1331 3939; x_wconf 87' lang='lat' dir='ltr'>Ile</span> 
     </span>
     <span class='ocr_line' id='line_1_35' title="bbox 134 3965 967 4057; baseline 0.006 -25"><span class='ocrx_word' id='word_1_303' title='bbox 134 3987 153 4000; x_wconf 79' lang='grc'>··</span> <span class='ocrx_word' id='word_1_304' title='bbox 193 3971 273 4034; x_wconf 83' lang='lat' dir='ltr'>vocis</span> <span class='ocrx_word' id='word_1_305' title='bbox 295 3965 408 4052; x_wconf 75' lang='grc' dir='ltr'><strong><em>αἰζηός</em></strong></span> <span class='ocrx_word' id='word_1_306' title='bbox 430 3970 529 4032; x_wconf 83' lang='lat' dir='ltr'>radice</span> <span class='ocrx_word' id='word_1_307' title='bbox 551 3990 586 4032; x_wconf 91' lang='lat' dir='ltr'>ac</span> <span class='ocrx_word' id='word_1_308' title='bbox 608 3973 634 4033; x_wconf 83' lang='lat' dir='ltr'>ri</span> <span class='ocrx_word' id='word_1_309' title='bbox 657 3974 693 4035; x_wconf 79' lang='lat' dir='ltr'>ci</span> <span class='ocrx_word' id='word_1_310' title='bbox 717 3974 827 4037; x_wconf 86' lang='lat' dir='ltr'>Goebel</span> <span class='ocrx_word' id='word_1_311' title='bbox 849 3995 877 4057; x_wconf 95' lang='lat' dir='ltr'>p.</span> <span class='ocrx_word' id='word_1_312' title='bbox 895 3976 967 4039; x_wconf 83' lang='lat'>397.</span> 
     </span>
    </p>

    <p class='ocr_par' dir='ltr' id='par_1_5' title="bbox 278 4069 627 4150">
     <span class='ocr_line' id='line_1_36' title="bbox 278 4069 627 4150; baseline 0.003 -19"><span class='ocrx_word' id='word_1_313' title='bbox 278 4069 446 4149; x_wconf 81' lang='lat' dir='ltr'>legendnm</span> <span class='ocrx_word' id='word_1_314' title='bbox 469 4069 559 4150; x_wconf 84' lang='lat' dir='ltr'>igitur</span> <span class='ocrx_word' id='word_1_315' title='bbox 581 4079 627 4132; x_wconf 89' lang='lat' dir='ltr'>est</span> 
     </span>
    </p>
   </div>
   <div class='ocr_carea' id='block_1_5' title="bbox 293 4214 1074 4306">
    <p class='ocr_par' dir='ltr' id='par_1_6' title="bbox 293 4214 1074 4306">
     <span class='ocr_line' id='line_1_37' title="bbox 293 4214 1074 4306; baseline 0.006 -27"><span class='ocrx_word' id='word_1_316' title='bbox 293 4217 364 4280; x_wconf 80' lang='grc' dir='ltr'>τὰν</span> <span class='ocrx_word' id='word_1_317' title='bbox 385 4214 432 4280; x_wconf 78' lang='grc' dir='ltr'>οὔ</span> <span class='ocrx_word' id='word_1_318' title='bbox 453 4239 513 4292; x_wconf 82' lang='grc' dir='ltr'>τις</span> <span class='ocrx_word' id='word_1_319' title='bbox 535 4215 674 4304; x_wconf 75' lang='grc' dir='ltr'><strong><em>αἰζηὸς</em></strong></span> <span class='ocrx_word' id='word_1_320' title='bbox 696 4216 769 4284; x_wconf 80' lang='grc' dir='ltr'>οὔτε</span> <span class='ocrx_word' id='word_1_321' title='bbox 788 4218 874 4306; x_wconf 73' lang='grc' dir='ltr'>γήρᾳ</span> <span class='ocrx_word' id='word_1_322' title='bbox 895 4225 1074 4305; x_wconf 86' lang='grc' dir='ltr'><strong><em>σημαίνων.</em></strong></span> 
     </span>
    </p>
   </div>
   <div class='ocr_carea' id='block_1_6' title="bbox 194 4366 1333 4456">
    <p class='ocr_par' dir='ltr' id='par_1_7' title="bbox 194 4366 1333 4456">
     <span class='ocr_line' id='line_1_38' title="bbox 194 4366 1333 4456; baseline 0.005 -22"><span class='ocrx_word' id='word_1_323' title='bbox 194 4370 350 4434; x_wconf 88' lang='lat' dir='ltr'>Particulis</span> <span class='ocrx_word' id='word_1_324' title='bbox 384 4371 560 4448; x_wconf 87' lang='lat' dir='ltr'>negantibus</span> <span class='ocrx_word' id='word_1_325' title='bbox 593 4366 752 4435; x_wconf 75' lang='lat' dir='ltr'>ori-orire</span> <span class='ocrx_word' id='word_1_326' title='bbox 784 4375 916 4436; x_wconf 87' lang='lat' dir='ltr'>membra</span> <span class='ocrx_word' id='word_1_327' title='bbox 952 4374 990 4436; x_wconf 89' lang='lat' dir='ltr'>ita</span> <span class='ocrx_word' id='word_1_328' title='bbox 1023 4386 1261 4456; x_wconf 88' lang='lat' dir='ltr'>componuntur,</span> <span class='ocrx_word' id='word_1_329' title='bbox 1298 4387 1333 4440; x_wconf 90' lang='lat' dir='ltr'>ut</span> 
     </span>
    </p>
   </div>
   <div class='ocr_carea' id='block_1_7' title="bbox 194 4469 1330 4650">
    <p class='ocr_par' dir='ltr' id='par_1_8' title="bbox 194 4469 1330 4650">
     <span class='ocr_line' id='line_1_39' title="bbox 194 4469 1330 4558; baseline 0.005 -24"><span class='ocrx_word' id='word_1_330' title='bbox 194 4470 343 4552; x_wconf 88' lang='lat' dir='ltr'>posterius</span> <span class='ocrx_word' id='word_1_331' title='bbox 365 4469 457 4549; x_wconf 87' lang='lat' dir='ltr'>priori</span> <span class='ocrx_word' id='word_1_332' title='bbox 479 4473 687 4535; x_wconf 86' lang='lat' dir='ltr'>tautummodo</span> <span class='ocrx_word' id='word_1_333' title='bbox 710 4473 893 4554; x_wconf 86' lang='lat' dir='ltr'>adiungatur,</span> <span class='ocrx_word' id='word_1_334' title='bbox 919 4492 980 4536; x_wconf 92' lang='lat' dir='ltr'>uon</span> <span class='ocrx_word' id='word_1_335' title='bbox 1003 4475 1151 4538; x_wconf 81' lang='lat' dir='ltr'>artissime</span> <span class='ocrx_word' id='word_1_336' title='bbox 1166 4479 1330 4558; x_wconf 87' lang='lat' dir='ltr'>copuletur.</span> 
     </span>
     <span class='ocr_line' id='line_1_40' title="bbox 194 4568 553 4650; baseline -0.006 -18"><span class='ocrx_word' id='word_1_337' title='bbox 194 4571 230 4632; x_wconf 86' lang='lat' dir='ltr'>ci.</span> <span class='ocrx_word' id='word_1_338' title='bbox 253 4571 286 4632; x_wconf 91' lang='lat' dir='ltr'>ll.</span> <span class='ocrx_word' id='word_1_339' title='bbox 301 4568 338 4630; x_wconf 90' lang='lat' dir='ltr'>vl</span> <span class='ocrx_word' id='word_1_340' title='bbox 352 4588 397 4631; x_wconf 81' lang='lat' dir='ltr'>vr.</span> <span class='ocrx_word' id='word_1_341' title='bbox 414 4570 476 4631; x_wconf 82' lang='lat'>450</span> <span class='ocrx_word' id='word_1_342' title='bbox 487 4588 553 4650; x_wconf 86' lang='lat' dir='ltr'>sqq.</span> 
     </span>
    </p>
   </div>
   <div class='ocr_carea' id='block_1_8' title="bbox 0 0 1629 5142">
    <p class='ocr_par' dir='ltr' id='par_1_9' title="bbox 0 0 1629 5142">
     <span class='ocr_line' id='line_1_41' title="bbox 0 0 1629 5142; baseline 0 0"><span class='ocrx_word' id='word_1_343' title='bbox 0 0 1629 5142; x_wconf 95' lang='lat' dir='ltr'> </span> 
     </span>
    </p>
   </div>
  </div>
 </body>
</html>
