3248 5142
738 379 957 442 ..24-

361 557 422 618 lam
445 575 513 618 vero
536 564 650 618 restant
672 556 759 618 verba
788 550 909 639 ἀψεγὲς
933 545 1039 618 πελᾶν
1059 555 1172 637 τέρας,
1201 573 1278 635 quae
1301 555 1418 617 criticos

275 655 401 720 maxime
424 663 613 718 roraverunt
651 655 785 730 Quorum
808 655 1012 736 sagacissimus
1028 653 1161 716 Meinehe
1175 659 1295 734 recepta
1310 653 1420 716 Reislrii

276 755 445 817 coniectura
468 749 547 836 cipio
568 773 622 835 pro
645 749 721 838 ἡμῖν
743 755 774 815 in
797 755 882 816 anall.
904 754 995 834 Soph.
1012 773 1040 836 p.
1057 753 1119 816 258
1127 773 1171 835 sq.
1194 748 1330 835 ἇψεγές,
1362 771 1420 833 quo

276 853 407 935 plerique
429 853 627 928 offenderunt,
649 853 795 915 intactum
816 853 989 933 relinquens
1003 863 1057 934 pro
1078 854 1174 937 τέρας
1196 851 1325 914 coniecit
1347 851 1421 914 scri-

275 953 408 1016 bendum
431 971 496 1014 esse
518 953 615 1032 γέρας
637 952 695 1013 hoc
721 970 827 1014 sensu:
856 953 982 1033 ‘confido
1013 970 1163 1034 ouoqoom
1183 951 1261 1012 cobis
1281 951 1422 1032 sodomis

276 1051 438 1115 auctoribus
459 1070 518 1114 ooo
539 1052 760 1132 vituperandum
772 1055 936 1131 proemium
958 1050 1150 1114 eventurum'.
1188 1055 1323 1125 Quocum
1346 1068 1421 1111 con-

276 1151 344 1213 tulit
358 1151 403 1212 dt
419 1169 447 1211 v.
466 1149 548 1212 1396
570 1185 612 1193 —
638 1142 801 1224 Οἰδίπους
823 1145 950 1213 τοιαῦτ’
975 1147 1083 1232 ἔνειμε
1105 1147 1206 1211 παισὶ
1228 1156 1299 1220 ταῖς
1320 1141 1422 1210 αὑτοῦ

276 1252 364 1331 γέρα.
410 1250 468 1312 Sed
491 1269 527 1311 er
548 1250 738 1312 acerbissima
760 1249 868 1323 ironia,
890 1269 947 1330 qua
970 1250 1119 1312 invehitur
1142 1249 1270 1330 Oedipus
1292 1248 1323 1308 in
1346 1245 1422 1308 filios

277 1351 419 1429 ingratos,
431 1367 547 1429 gravem
560 1349 638 1411 illius
650 1350 724 1411 iram
736 1369 752 1411 a
765 1349 942 1430 spectaturis
954 1349 1000 1411 vel
1010 1349 1130 1411 lecturis
1143 1355 1230 1428 poeta
1243 1347 1321 1410 haud
1334 1345 1422 1407 dubie

276 1449 457 1510 intellectam
474 1448 575 1510 voluit.
603 1448 746 1510 Sollemni
762 1465 832 1509 vero
848 1447 973 1521 cantico,
995 1466 1054 1527 qno
1071 1447 1178 1509 chorus
1193 1445 1422 1526 interemptores

279 1548 509 1627 Agamemnonis
528 1565 595 1608 mor
611 1566 724 1628 poenas
741 1547 862 1608 daturos
877 1554 983 1626 sperat,
1005 1545 1117 1608 ironiae
1132 1547 1214 1606 color
1228 1545 1313 1626 plane
1328 1542 1421 1606 abest.

277 1648 354 1710 Tum
377 1645 457 1708 nullo
481 1646 570 1707 modo
593 1665 641 1707 me
664 1647 784 1727 quidem
806 1645 902 1707 iudice
921 1645 985 1706 ficri
1000 1645 1104 1725 potuit,
1126 1654 1160 1705 ut
1182 1643 1263 1705 chori
1286 1643 1421 1722 virgines,

277 1766 366 1828 quem
390 1752 576 1825 spectantem
592 1745 685 1824 magis
708 1764 743 1806 ac
764 1743 1022 1811 commiserantem
1039 1762 1128 1825 quam
1143 1750 1280 1822 agentem
1303 1761 1336 1805 ac
1358 1742 1423 1804 vin-

279 1846 441 1917 dicantem,
470 1844 531 1905 imo
563 1844 764 1906 verecundum
794 1862 828 1905 ac
855 1843 1025 1914 timentem,
1055 1842 1092 1904 cl.
1115 1860 1159 1904 vv.
1180 1841 1306 1922 tldsq„
1335 1850 1422 1922 poeta

278 1943 372 2016 finxit,
394 1943 566 2022 Aegisthum
582 1951 610 2004 ct
625 1943 871 2024 Clytemnestram
886 1959 969 2020 reges
992 1941 1031 2004 ita
1047 1941 1156 2021 alloqui
1171 1941 1321 2003 auderent.
1359 1940 1422 2013 Qua

278 2042 459 2124 ipsalleishii
470 2043 657 2105 correctione
665 2051 783 2123 recepta
796 2048 825 2104 et
837 2042 961 2103 aliorum
974 2040 1199 2103 emendationes
1211 2041 1421 2118 infringuntur.

365 2142 424 2204 Sed
447 2142 580 2222 plerique
604 2143 648 2203 vel
671 2159 776 2203 omnes
799 2141 872 2204 mihi
895 2161 930 2204 co
953 2140 1013 2203 lalli
1029 2142 1176 2215 videntur,
1200 2141 1279 2222 quod
1302 2138 1423 2202 adiecti-

280 2260 347 2303 vum
370 2235 493 2321 ἆψεγές
515 2263 537 2301 α
560 2242 639 2321 quod
663 2241 769 2303 dicitur
798 2241 940 2323 privativo
969 2243 1129 2302 formatum
1158 2259 1223 2302 esse
1245 2239 1424 2302 existimant.

280 2341 361 2414 Quae
382 2339 455 2402 laisa
475 2351 521 2402 est
544 2341 655 2421 opinio.
693 2342 757 2403 lmo
779 2361 848 2402 vero
873 2349 917 2403 est
940 2364 961 2402 α
985 2341 1065 2422 quod
1087 2348 1204 2402 vocatur
1225 2338 1423 2421 protheticum

279 2441 363 2502 aVil.
379 2439 522 2501 Clemmio
543 2440 577 2502 in
597 2441 795 2521 disputatione
816 2441 853 2502 de
873 2439 957 2521 alpha
980 2439 1126 2502 intensive
1148 2439 1180 2500 in
1200 2438 1306 2502 studiis
1325 2457 1425 2517 gram-

281 2538 394 2600 maticis
421 2538 537 2617 linguae
566 2558 660 2617 graec.
685 2548 714 2601 et
736 2539 834 2612 latin,
864 2539 899 2599 ed
923 2539 958 2600 G.
982 2539 1114 2612 Curtius,
1144 2539 1199 2599 vol.
1216 2536 1289 2610 vlit,
1304 2536 1376 2598 lasc.
1396 2538 1422 2597 1.

280 2657 329 2717 pp.
348 2637 481 2708 1-119‚
501 2634 598 2698 1875:
629 2636 713 2711 Quod
738 2636 876 2698 omnibus
892 2635 1012 2698 vocibus
1028 2656 1102 2716 quae
1124 2657 1141 2697 a
1164 2639 1237 2708 c-l-
1251 2654 1334 2714 sequ.
1351 2653 1424 2696 con-

260 2753 353 2796 .sona
377 2741 458 2795 muta
480 2735 582 2796 veliis
606 2736 728 2798 mutatis
751 2754 839 2809 ano,
863 2741 893 2815 ψ
913 2734 1070 2815 incipiunt,
1091 2735 1276 2814 propositum
1299 2734 1423 2805 videtur,

280 2834 317 2896 cf.
334 2833 453 2907 Goebel‚
476 2833 553 2896 lexil.
578 2835 663 2896 Hum.
685 2836 696 2896 l
716 2855 745 2914 p.
769 2832 913 2895 1-320.
961 2834 998 2895 Ut
1028 2829 1107 2895 enim
1134 2823 1274 2921 ἆσκελής
1296 2851 1312 2893 a
1335 2831 1423 2893 verbo

281 2926 437 3005 στέλλειν,
461 2926 581 3015 ἀχανής
597 2934 728 3012 cxcivm
730 2980 741 3008 ,
767 2928 934 3016 ἆσπερχής
949 2952 966 2995 a
981 2934 1127 3014 σπέρχω,
1152 2925 1265 3016 ἀτενής
1282 2949 1297 2993 a
1313 2933 1423 3005 calvo,

281 3030 324 3092 sic
345 3025 474 3112 ἄψεγής
496 3049 511 3090 a
535 3031 681 3112 Sophocle
704 3041 750 3094 est
772 3031 934 3093 derivatum
957 3051 973 3093 a
997 3033 1090 3115 ψέγω
1113 3038 1232 3095 nouut
1254 3030 1293 3092 sit
1315 3029 1426 3091 invitu-

282 3136 415 3209 peratuS‚
444 3129 472 3190 id
496 3131 575 3209 quod
599 3128 743 3214 ἄψεκτας
766 3140 812 3193 est
833 3133 910 3211 apud
932 3131 1098 3212 Theognid.
1114 3151 1139 3191 v.
1157 3128 1229 3204 799,
1258 3130 1310 3192 sed
1331 3137 1365 3191 ut
1387 3127 1426 3190 sit

282 3228 517 3307 vituperatus
546 3229 607 3291 sive
638 3230 919 3311 vituperandus.
964 3231 1005 3292 lle
1027 3231 1124 3292 radice
1146 3228 1226 3292 verbi
1249 3229 1366 3312 ψέγειν
1388 3228 1424 3290 ci.

282 3327 391 3389 Goebel
414 3327 432 3388 l.
450 3346 475 3388 c.
491 3347 520 3408 p.
536 3328 587 3390 73.
631 3329 692 3391 Nec
720 3329 817 3391 obstat
845 3328 1015 3390 adverbium
1044 3323 1177 3411 ἀψεγῶς
1206 3328 1241 3389 ab
1269 3327 1424 3408 Apollonio

282 3426 397 3489 Rhodio
432 3428 566 3507 negative
604 3429 725 3489 dictum.
782 3426 904 3488 Poetam
939 3428 1018 3488 euim
1052 3426 1284 3489 Alexandrinum
1317 3426 1426 3488 saeculi

283 3525 361 3587 tertii
383 3545 409 3587 a.
431 3525 497 3587 Chr.
522 3536 582 3587 uat.
610 3541 639 3588 et
671 3533 807 3587 auctores
835 3524 1012 3586 scholiorum
1041 3525 1275 3606 Sophoelcorum
1298 3525 1424 3586 Alexan-

283 3625 384 3686 drinos
406 3624 583 3689 adiectivum
600 3625 732 3704 negative
753 3632 926 3705 usurpatum
942 3632 1079 3704 putantes
1094 3625 1170 3706 fugit
1192 3633 1308 3706 poetam
1332 3642 1424 3704 quum

282 3724 313 3785 in
338 3723 438 3785 multis
460 3724 524 3786 aliis
546 3721 668 3784 vocibus
691 3731 756 3783 tum
779 3723 886 3786 iubae
908 3731 1009 3785 nostra
1032 3742 1086 3785 suo
1108 3723 1139 3786 in
1161 3723 1306 3803 lingendis
1329 3721 1424 3782 verbis

282 3823 347 3884 iure
370 3841 458 3884 usum
480 3839 556 3883 esse.
593 3821 636 3884 lta
652 3821 844 3897 Nicandrum,
867 3823 1013 3886 medicum
1030 3831 1058 3885 et
1074 3831 1191 3904 poetam
1208 3819 1422 3900 Colophonium

283 3921 328 3982 vel
356 3920 488 3982 Aeolium
522 3920 631 3983 saeculi
665 3923 787 3984 secundi
821 3942 845 3985 a.
869 3923 935 3984 Chr.
959 3942 988 3984 n.
1022 3923 1053 3984 in
1086 3919 1333 4002 Aloripharmaeis
1367 3916 1424 3980 adi.

284 4011 469 4101 α’φύσγετας
491 4019 576 4097 longe
598 4019 652 4082 alia
683 4021 709 4081 ri
738 4037 825 4083 usum
855 4039 1031 4102 essequam
1054 4023 1217 4083 Homerum
1240 4018 1350 4080 Goebcl
1372 4018 1425 4079 de-

284 4117 473 4190 monstravit,
503 4118 520 4179 l.
536 4137 559 4180 c.
576 4138 604 4198 p.
625 4119 756 4201 lbtlsqq.
801 4122 882 4194 Quae
904 4141 972 4183 cum
998 4121 1039 4182 ita
1066 4120 1139 4194 sint,
1169 4118 1317 4198 iungenda
1344 4125 1425 4189 sunt,

285 4216 363 4298 qnod
386 4216 452 4295 ipso
476 4216 632 4278 verborum
660 4220 764 4281 ordine
798 4219 913 4282 videtur
946 4217 1158 4290 demonstrari,
1191 4212 1270 4300 ἡμῖν
1302 4206 1425 4300 ἄψεγές

285 4314 435 4377 attributio
457 4315 588 4378 nominis
610 4318 705 4400 τέρας
710 4345 721 4395 ,·
750 4319 840 4380 dativi
861 4327 932 4391 ταῖς
960 4316 1065 4400 δρῶσι
1088 4311 1144 4380 καὶ
1166 4315 1352 4400 συνδρῶσιν
1372 4316 1425 4378 da-

284 4414 335 4475 tivi
358 4423 430 4476 sunt
452 4417 599 4478 commodi
622 4418 746 4498 appositi
767 4416 913 4480 formulae
935 4414 1041 4479 πελᾶν
1061 4416 1172 4497 τέραςς
1195 4416 1342 4479 sententia
1363 4421 1423 4477 est:

287 4511 367 4584 Quos
388 4515 422 4576 ob
443 4533 489 4578 res
511 4517 563 4578 hoc
585 4525 682 4579 tcocor
702 4518 811 4598 fiducia
838 4533 985 4598 ouopcom
1013 4519 1155 4579 somnium
1176 4535 1195 4578 α
1215 4517 1295 4580 nobis
1316 4518 1425 4596 volupe·
