3248 5142
745 397 966 462 ..36-

279 571 442 636 Coloneum
465 571 557 636 luisse
572 591 589 636 a
604 591 630 634 v.
647 572 687 636 78
703 568 864 656 δημόταις
882 573 1022 656 (tubulas,
1046 581 1183 638 nostrum
1199 575 1422 656 Ganganosseo)

279 671 401 743 conicio,
423 672 590 752 putandum
612 691 678 734 csse
693 691 844 736 semorum
867 673 1031 736 custodem.
1068 673 1155 747 Quod
1177 691 1313 755 nequae
1335 673 1423 736 sobo·

279 769 370 834 liastis
393 788 492 853 neque
507 789 523 834 a
540 771 679 834 Sallustio
702 779 822 836 auctore
843 773 1013 852 argumenti
1029 772 1089 835 bui.
1105 771 1164 836 fab.
1178 773 1305 836 traditur
1327 789 1424 851 nequo

279 888 316 930 ox
348 868 410 951 ipsa
442 869 541 932 fabula
574 871 669 953 colligi
701 879 809 952 potest.
854 872 946 936 Versu
978 871 1058 934 euim
1080 871 1143 936 506
1165 892 1181 936 a
1205 873 1295 936 moro
1325 871 1424 936 accola

279 968 352 1042 luci,
380 964 516 1042 ἔποικος
537 959 678 1044 ἄλσους,
706 969 854 1034 indicatur
882 970 934 1051 qui
954 970 1090 1034 lsmenae
1111 969 1328 1035 sacrificaturae
1349 988 1425 1051 quac

279 1085 354 1148 opus
376 1067 436 1130 sint
457 1068 636 1148 suppeditet.
681 1068 735 1132 llic
761 1069 850 1150 igitur
879 1087 1033 1134 sacrorum
1054 1069 1257 1136 faciendorum
1281 1077 1425 1151 unquam

279 1166 417 1230 minister
449 1174 537 1248 atquo
571 1169 704 1232 aedituus
738 1177 768 1230 et
800 1168 881 1230 domi
914 1187 985 1232 suae
1019 1187 1140 1232 morans
1170 1169 1302 1233 babetur.
1346 1169 1424 1250 Ergo

279 1284 373 1346 quum
404 1285 421 1330 c
448 1285 494 1332 vv.
517 1265 651 1350 bO'lsqq.
680 1269 908 1349 cognoverimus
939 1287 1023 1342 eum,
1054 1269 1106 1350 qui
1133 1267 1281 1350 Oedipum
1309 1268 1423 1349 primus

279 1367 424 1447 aspexerit
440 1375 529 1450 atqua
544 1368 688 1432 allocutus
709 1368 749 1431 sit
770 1376 801 1430 ct
815 1367 962 1430 Coloueos
984 1367 1021 1430 de
1043 1367 1107 1430 eius
1130 1368 1263 1430 inducre
1284 1367 1424 1430 certiores

279 1464 384 1528 fecerit
405 1466 426 1528 i.
449 1486 473 1529 c.
496 1468 633 1543 incolam,
656 1467 708 1549 qui
730 1466 877 1548 Oedipum
899 1467 935 1530 de
957 1467 1029 1530 sede
1050 1467 1191 1547 pulsurus
1213 1475 1290 1542 arat,
1318 1466 1424 1530 abiisse

279 1573 313 1628 ut
333 1565 482 1628 Theseum
504 1573 647 1638 arcessat,
677 1565 739 1628 lieri
773 1582 836 1628 non
868 1572 968 1646 potest
1000 1574 1034 1629 ut
1066 1565 1144 1628 idem
1178 1565 1218 1628 sit
1238 1565 1334 1628 accola
1357 1565 1424 1640 luci,

280 1683 369 1745 quem
392 1665 501 1728 chorus
523 1667 542 1728 l.
565 1685 590 1728 c.
612 1665 716 1730 adesse
738 1672 893 1729 memorat.
937 1665 1007 1728 'lale
1030 1664 1101 1745 quid
1123 1664 1211 1728 etiam
1234 1664 1333 1744 Reisig
1354 1683 1424 1728 sen-

279 1763 352 1826 sisse
374 1764 488 1828 uidetur
505 1765 651 1828 adnotans
673 1765 706 1826 iu
727 1773 901 1828 commonit.
918 1762 982 1826 crit.
998 1763 1034 1826 ad
1052 1761 1109 1824 OC.
1125 1781 1155 1844 p.
1172 1761 1249 1825 182:
1274 1763 1320 1826 ‘iu
1343 1769 1424 1824 unta

279 1871 341 1925 tam
363 1862 503 1926 inusitata
525 1881 558 1927 re
579 1863 688 1945 hospes
711 1881 749 1926 no
771 1881 892 1944 sperare
914 1861 1035 1944 quidem
1057 1867 1189 1943 poterat,
1218 1859 1275 1924 sibi
1296 1861 1424 1944 aliquam

280 1978 381 2024 curam
404 1961 468 2024 aius
491 1960 536 2024 rei
557 1962 767 2024 demandatum
790 1961 826 2023 iri
848 1979 865 2022 a
888 1959 1024 2023 civibus'.

364 2061 467 2142 ltaque
488 2061 545 2125 bac
565 2060 810 2142 interpretatione
837 2059 960 2131 reiecta,
994 2077 1053 2139 qua
1081 2059 1142 2122 sola
1176 2057 1294 2122 delendi
1324 2063 1425 2140 potest

281 2159 395 2240 vulgata
417 2159 517 2233 lectio,
545 2159 674 2224 lormula
701 2167 762 2224 unt
790 2159 916 2241 ellipticc
939 2159 1015 2222 dicta
1043 2166 1090 2222 est
1112 2166 1146 2221 ut
1168 2157 1287 2221 sibimet
1309 2165 1424 2221 nutum

281 2278 343 2323 non
365 2268 512 2341 repugnet
534 2280 569 2324 ac
596 2269 659 2325 um
681 2260 807 2324 obscure
830 2267 862 2322 ut
883 2259 955 2322 ferri
978 2266 1114 2341 nequeat.
1159 2259 1273 2333 Quibus
1295 2257 1424 2328 adducti,

281 2359 404 2438 opinor,
433 2359 507 2422 Wex
528 2367 560 2423 at
585 2359 681 2441 Bergk
708 2371 776 2440 post
802 2355 936 2430 dudulim
966 2357 1054 2438 pleue
1081 2357 1295 2431 distinxerunt,
1322 2359 1363 2421 ita
1389 2363 1424 2418 ut

281 2457 378 2520 verbis
400 2458 433 2520 τί
456 2455 524 2540 doti
558 2457 669 2522 directe
702 2465 830 2538 rogetur.
874 2458 970 2532 Quam
1004 2473 1074 2518 vero
1106 2457 1230 2520 moleste
1261 2463 1291 2520 et
1321 2455 1424 2536 inopte

280 2554 355 2618 baec
375 2556 659 2637 interrogatiuncula
681 2556 815 2630 addatur,
839 2572 901 2618 non
916 2555 1014 2618 solum
1029 2555 1166 2620 continui
1181 2573 1283 2619 rusus
1298 2553 1425 2627 numeri,

281 2653 334 2716 scd
357 2653 446 2718 etiam
469 2673 503 2718 ea
525 2675 602 2737 quae
617 2655 750 2736 Oedipus
766 2655 864 2718 denuo
879 2655 1204 2735 precaturosteodunt.
1241 2651 1426 2716 Coniecturis

281 2751 497 2816 Schneidewini
512 2755 593 2838 πρίν
606 2748 639 2830 γ’
655 2749 698 2818 ἂν
719 2750 861 2836 ἐνδείξῃ,
885 2771 928 2816 sc.
950 2745 1099 2837 ἡπόλις,
1121 2755 1154 2816 ri
1176 2749 1256 2835 δρῶ,
1279 2751 1311 2814 in
1334 2767 1423 2832 quam

282 2851 352 2916 item
375 2869 452 2932 quae
474 2871 563 2934 supra
591 2852 713 2934 exposui
741 2853 865 2927 cadunt,
894 2860 925 2916 et
946 2852 1091 2933 Hartungi
1113 2848 1246 2924 ἐνδείξω
1269 2842 1322 2913 ὅτι
1345 2847 1424 2932 δρᾶς

281 2951 352 3014 satis
374 2951 529 3032 respoudit
542 2951 578 3014 ll.
593 2951 707 3025 bonite,
727 2972 752 3016 v.
769 2953 807 3024 d,
829 2953 862 3015 in
885 2951 957 3016 actis
980 2951 1080 3014 sociat.
1096 2949 1260 3012 vindobon.
1276 2949 1331 3012 vol.
1348 2947 1424 3012 llllll

280 3068 309 3130 p.
325 3048 397 3114 toa.
440 3051 596 3132 Eleganter
628 3061 662 3115 ut
693 3053 769 3116 solet
790 3052 897 3116 blartin
930 3047 1049 3124 ἐξοιδοῖ
1079 3049 1246 3132 proposuit.
1290 3048 1349 3113 Sed
1370 3047 1426 3111 boc

280 3158 400 3230 recepto
416 3150 585 3216 membrum
608 3151 756 3232 posterius
772 3153 854 3235 πρίν
875 3145 908 3230 γ’
924 3146 966 3214 ἂν
987 3147 1154 3222 lietduini
1176 3146 1245 3233 dpci
1268 3167 1329 3210 non
1352 3167 1425 3210 cou-

281 3249 362 3312 vouit
383 3249 484 3330 priori.
522 3250 596 3314 Natu
618 3249 766 3314 cblartini
788 3250 915 3314 lectione
929 3250 1013 3312 locus
1036 3249 1079 3312 sic
1101 3257 1147 3311 ast
1168 3247 1424 3329 interpretandus:

283 3353 356 3411 ‘uon
377 3349 468 3414 audeo
491 3359 516 3412 ta
536 3353 649 3414 iuiuasu
669 3351 750 3414 urbis
771 3349 805 3414 da
826 3347 891 3413 seda
911 3343 1059 3428 depellare,
1078 3348 1249 3428 ptt'tttpuuut
1270 3361 1425 3427 cognouere

281 3447 350 3529 quid
372 3447 444 3510 ouidi
461 3449 628 3528 secundm
649 3447 706 3512 sa't’.
744 3450 768 3510 l
790 3464 850 3529 quo
872 3447 901 3509 id
924 3453 1118 3525 cognosceret
1137 3439 1255 3507 incolui
1289 3445 1426 3530 Videlicet

282 3564 297 3610 a
321 3545 439 3610 civitate
461 3548 505 3610 uel
529 3547 593 3611 eius
615 3542 849 3629 magistratibus!
888 3543 947 3608 Sed
970 3549 1093 3625 apparet
1114 3549 1179 3606 tum
1202 3545 1306 3608 urbem
1330 3543 1426 3626 aptius

283 3645 313 3708 in
336 3645 505 3710 membrum
520 3646 669 3727 posterius
685 3647 829 3730 quadrare
851 3653 882 3709 ct
895 3651 1013 3724 poetam
1030 3642 1125 3706 multo
1146 3643 1321 3706 concinnius
1343 3661 1426 3706 com·

281 3745 432 3826 posuisse:
467 3751 540 3809 ‘uon
572 3745 662 3810 oudeo
695 3755 720 3810 te
752 3743 888 3826 repellere
911 3743 945 3808 dc
967 3741 1039 3816 sada,
1069 3745 1241 3824 priusquam
1262 3745 1361 3804 cicitur
1381 3759 1425 3802 ote

282 3845 408 3908 docuerit
437 3845 505 3926 guid
535 3845 606 3908 ma'bi
636 3844 802 3925 (adeodatus
834 3841 892 3906 rit’.
943 3843 966 3904 ll
994 3841 1111 3906 liutici
1139 3840 1229 3920 igitur
1255 3839 1425 3902 coniectura

283 3941 507 4024 languidissimc
521 3941 696 4023 procederet
717 3942 822 4008 oratio.
859 3941 972 4004 Deinde
994 3940 1071 4004 idem
1092 3939 1125 4002 iu
1146 3939 1222 4002 bauo
1236 3938 1322 4012 cadit,
1345 3937 1424 4018 quod

282 4043 315 4106 in
346 4044 493 4122 vulgatam
525 4043 630 4106 cadere
660 4042 815 4106 serissime
845 4040 1000 4105 contendit
1020 4039 1135 4119 begar,
1162 4039 1194 4100 rt
1218 4035 1285 4122 0ρῶ
1307 4045 1424 4100 tautum

283 4142 320 4205 ab
342 4142 460 4206 aedituo
488 4140 545 4205 dici
568 4159 666 4222 posse.
710 4143 766 4217 Oui
802 4141 880 4221 quod
913 4140 977 4222 ipso
1010 4137 1137 4202 coniecit
1168 4136 1357 4220 participium
1390 4136 1426 4199 ad

283 4237 417 4313 ἐνδείξω
440 4239 638 4321 supplendum
661 4259 726 4304 asse
748 4241 793 4302 vcl
815 4235 926 4321 μολών
951 4239 997 4300 vel
1019 4231 1154 4319 δραμών
1174 4236 1220 4300 tel
1241 4232 1368 4319 θορών,
1395 4237 1424 4300 id

282 4348 344 4402 tam
367 4339 516 4402 incertum
539 4347 596 4412 est,
618 4347 652 4403 ut
673 4341 710 4402 ad
733 4347 843 4404 certam
865 4336 1024 4402 lectionem
1040 4335 1256 4400 restituendam
1280 4335 1354 4400 nibil
1374 4353 1425 4397 ra·

284 4439 345 4502 lere
365 4438 429 4501 iure
452 4437 543 4500 dicas.
587 4438 692 4502 llelius
719 4437 800 4502 idem
830 4433 982 4508 ἐνὸοἰξων
1002 4429 1099 4517 θόρον
1121 4434 1281 4514 legendum
1303 4433 1425 4516 putavit,

284 4533 320 4600 cf.
344 4535 448 4600 Tracb.
466 4536 592 4600 ν,1030
616 4533 763 4620 Oudoura
785 4533 946 4602 droloiuoe
962 4567 1001 4580 -·
1017 4531 1125 4608 νόσος.
1161 4533 1308 4600 ludaeos
1326 4531 1426 4598 Nauck
