3248 5142
762 405 983 472 ..23-

301 584 505 665 perniciosam,
534 602 632 666 regern
659 583 804 667 pristinae
830 601 919 665 quam
947 584 978 646 in
1001 583 1075 646 urbo
1097 603 1113 646 a
1137 583 1267 665 Sphinge
1293 582 1440 646 liberanda

301 681 479 764 praestiterit
501 693 587 747 curae
609 685 757 759 admonet,
780 701 818 745 ne
840 683 924 764 regni
946 683 1009 746 eius
1032 681 1153 746 minime
1173 683 1401 746 reminiscantur

368 835 370 842 ⁴
400 803 532 883 στάντες
555 803 589 883 ἐς
610 799 716 893 όρθόν
738 807 793 872 καὶ
816 805 974 883 πεσόντες
997 801 1141 893 ὕστερον.

301 939 339 1002 Ut
362 947 490 1004 uretrum
512 941 592 1022 quod
614 941 739 1004 laeditur
760 941 899 1004 trochaeo
921 958 977 1022 pro
999 941 1098 1004 iambo
1122 941 1166 1006 vel
1188 943 1320 1024 spondeo
1333 941 1440 1023 posito

298 1038 507 1103 restitueretur
533 1041 592 1107 iam
623 1059 640 1104 a
668 1058 758 1104 manu
788 1040 854 1103 libri
876 1040 1066 1105 Laurentiani
1088 1061 1103 1102 a
1126 1041 1267 1121 particula
1294 1062 1329 1104 τε
1350 1040 1442 1121 parti·

299 1137 376 1218 cipio
409 1133 543 1212 στάντες
575 1139 712 1206 adiuncta
744 1147 798 1202 est.
843 1139 904 1200 Sed
936 1141 1089 1220 particulis
1121 1142 1256 1202 τέ-ναί
1287 1139 1441 1221 participia

300 1232 433 1310 στάντες
456 1247 486 1300 ct
507 1233 664 1311 πεσόντες
685 1238 726 1300 ita
748 1237 827 1301 inter
850 1258 883 1300 se
904 1239 1051 1302 artissime
1074 1240 1293 1320 coniunguntur
1315 1248 1349 1302 ut
1370 1256 1441 1302 sen·

300 1335 391 1398 tentia
413 1336 552 1416 prodeat:
582 1345 693 1420 ‘quum
715 1338 806 1400 crecti
829 1346 893 1401 tum
916 1347 1018 1420 postca
1042 1338 1170 1402 deiecti'.
1216 1340 1260 1402 lta
1282 1339 1377 1402 maior
1398 1338 1441 1400 vis

298 1435 458 1515 posteriori
480 1437 616 1500 membro
637 1436 788 1500 tribuitur.
833 1437 918 1510 Quod
940 1439 1048 1500 falsum
1071 1445 1125 1502 est.
1171 1438 1244 1500 Nam
1267 1438 1326 1500 duo
1348 1437 1440 1518 parti·

299 1534 374 1614 cipia
405 1534 466 1597 sola
496 1535 637 1616 particula
659 1537 715 1598 act
739 1535 901 1616 copulanda
924 1544 1007 1610 sunt,
1038 1555 1132 1617 quum
1164 1536 1310 1598 sententia
1339 1536 1440 1618 requi-

299 1641 399 1696 ratur:
435 1634 542 1696 ‘erecti
576 1642 605 1696 et
638 1642 743 1715 postea
771 1635 898 1698 deiecti’.
941 1636 965 1698 E
994 1635 1142 1700 contrario
1169 1635 1259 1718 igitur
1284 1635 1440 1699 Triclinius

298 1734 336 1810 γέ
373 1732 562 1813 interposuit,
595 1753 654 1813 quo
688 1733 865 1816 interposito
894 1734 976 1814 prius
999 1733 1169 1798 membrum
1190 1735 1301 1798 maiore
1323 1753 1390 1798 cum
1413 1733 1441 1795 vi

299 1831 480 1894 dictumest
507 1851 598 1913 quam
625 1833 785 1914 posterius,
819 1852 999 1914 quamquam
1034 1842 1196 1916 utrumque
1228 1852 1319 1913 aeque
1345 1834 1441 1896 valeat

298 1949 419 1994 neccsse
450 1939 505 1994 est.
552 1932 655 2012 ltaque
678 1930 799 2012 Blaydes
831 1929 865 2004 ἐς
896 1932 928 1994 in
961 1927 1032 1996 κατ’
1067 1934 1198 1997 mutavit.
1254 1933 1313 1995 Sed
1346 1950 1439 2012 quum

299 2025 456 2104 πεσόντες
487 2030 670 2112 respoudeat
701 2031 798 2094 solum
825 2031 881 2094 soli
909 2031 1064 2114 participio
1093 2029 1241 2106 στάντες,
1267 2031 1438 2095 adverbium

297 2121 433 2211 ὕστερον
454 2145 516 2191 non
537 2128 626 2192 habet
648 2130 696 2194 cui
718 2137 897 2212 opponatur.
941 2132 1111 2196 Sententiae
1133 2131 1214 2195 enim
1236 2131 1350 2194 ratione
1374 2123 1449 2194 effi-'

297 2225 373 2288 citur
394 2223 440 2290 lut
472 2228 610 2292 sacerdos
637 2229 716 2291 dicat
750 2231 829 2310 ‘sore
855 2241 889 2292 oct
915 2234 1031 2294 manime
1062 2235 1314 2295 reminiscerentur
1341 2230 1442 2310 Oedipi

298 2326 412 2405 primo
446 2331 531 2390 crecti
551 2337 615 2410 post
646 2325 765 2401 deiecti'‚
800 2329 847 2390 vel
869 2336 901 2390 ut
923 2329 1012 2393 latine
1033 2330 1148 2412 loquar,
1183 2338 1285 2411 ‘quum
1318 2329 1439 2410 primo

298 2430 457 2492 conserenti
473 2437 539 2508 poet
556 2431 713 2510 periissem.
753 2427 943 2491 Removenda
964 2429 1054 2509 igitur
1077 2448 1142 2492 esse
1165 2446 1272 2492 censeo
1295 2427 1384 2490 verba
1406 2420 1439 2501 ἐς

297 2517 404 2605 ὀρθόν
436 2527 472 2589 ad
504 2526 735 2608 intellegendum
762 2526 948 2608 participium
977 2517 1113 2601 στάντες
1141 2547 1158 2588 a
1186 2527 1289 2608 quovis
1311 2526 1439 2607 margini

297 2623 422 2703 ascripta
454 2634 522 2704 post
553 2625 706 2705 scriptoris
740 2624 836 2688 verbis
870 2625 981 2696 addita,
1018 2645 1072 2707 pro
1105 2625 1213 2706 quibus
1246 2624 1437 2687 inserendum

297 2721 410 2786 conicio
432 2723 653 2805 τοπράτον.
691 2723 776 2797 Quod
798 2726 942 2806 temperis
964 2724 1136 2788 adverbium
1152 2725 1275 2794 articulo
1298 2723 1436 2788 adiuncto

173 2818 179 2830 '
296 2822 450 2904 aptissime
472 2822 529 2886 hoc
551 2829 653 2886 nostro
668 2823 733 2888 loco
749 2823 812 2886 adv.
828 2816 963 2905 ὕστερον
978 2821 1145 2904 oppositum
1163 2830 1218 2897 cst,
1241 2830 1274 2885 ut
1289 2820 1437 2886 sententia

296 2922 455 2986 efficiatur:
480 2929 582 3006 ‘patum
601 2926 696 3004 φάντο
719 2925 880 2986 εοηεενυτει·
896 2932 959 3003 post
976 2918 1171 3004 perierimus&

380 3042 426 3084 vv,
448 3021 626 3085 tre-275.
671 3022 801 3104 Oedipus
823 3022 886 3084 lter
908 3040 961 3104 per
984 3020 1141 3083 Creontem
1164 3017 1287 3082 edoctus
1313 3017 1379 3080 ideo
1402 3015 1437 3079 ab

295 3121 430 3201 Apolline
454 3121 663 3184 Thebanorum
693 3130 802 3184 terram
830 3120 912 3202 gravi
945 3119 1113 3202 pestilentia
1146 3117 1326 3190 conflictari,
1359 3115 1436 3197 quod

295 3217 357 3282 Laii
390 3219 495 3284 caedes
522 3220 658 3282 nondum
686 3221 801 3302 expiata
826 3219 865 3283 sit
894 3228 984 3299 atque
1006 3217 1153 3281 homicida
1180 3217 1333 3279 intereos
1356 3215 1437 3296 ipsos

295 3327 513 3390 commoretur,
546 3336 578 3380 se
610 3317 733 3382 domum
766 3318 879 3397 recipit.
929 3317 985 3378 Ubi
1012 3317 1084 3378 dum
1115 3315 1196 3378 chori
1223 3314 1371 3376 canticum
1405 3315 1437 3376 lit

296 3424 430 3480 moratus
463 3416 495 3479 in
517 3435 653 3482 scaenam
677 3417 778 3500 prodit
810 3425 844 3478 ut
874 3414 1063 3495 praescribat,
1096 3433 1172 3496 quae
1197 3415 1232 3475 ad
1259 3412 1437 3476 homicidam

296 3497 511 3596 exquirendum
539 3516 672 3578 iacienda
694 3523 787 3596 putet,
816 3512 951 3577 versibus
980 3514 1031 3594 qui
1053 3520 1228 3576 tractantur.
1273 3512 1363 3577 Cuius
1385 3530 1437 3574 ex-

295 3612 485 3688 secrationis,
518 3612 558 3676 ita
592 3613 672 3676 enim
706 3612 742 3675 ab
769 3611 934 3676 homicidae
962 3612 1163 3674 exsecratione
1194 3611 1334 3694 appellari
1361 3611 1437 3674 solet

295 3715 367 3777 hoec
396 3713 472 3793 regis
502 3713 605 3784 oratio,
639 3710 712 3774 ordo
745 3711 808 3776 aliis
842 3721 941 3776 rectus
969 3712 1034 3774 aliis
1058 3711 1174 3776 videtur
1202 3711 1339 3776 turbatus
1362 3731 1436 3774 esse.

295 3813 484 3894 Inquiramus
505 3811 604 3892 igitur,
627 3830 701 3892 quae
724 3813 887 3876 sententiae
902 3813 1054 3893 quomodo
1075 3812 1154 3876 inter
1176 3831 1207 3874 ee
1223 3830 1353 3874 conexae
1367 3809 1435 3871 sint.

295 3913 425 3993 Oedipus
448 3912 529 3974 enirn
552 3911 626 3974 haee
646 3911 710 3974 iere
733 3913 818 3974 dicit:
853 3913 935 3986 Quae
957 3911 1066 3974 chorus
1094 3919 1242 3991 precetur,
1270 3907 1435 3972 remedium

296 4013 492 4074 etmalorum
516 4011 658 4081 levamen,
681 4020 817 4091 puerum
840 4009 885 4082 iri,
908 4011 933 4072 si
949 4011 1037 4073 verba
1059 4028 1111 4073 sue
1134 4007 1258 4090 accipiat
1278 4016 1309 4070 et
1330 4005 1435 4071 morbo

294 4119 454 4174 succurrat.
491 4109 628 4172 Alienum
651 4129 684 4170 se
699 4108 769 4171 lacti
789 4111 959 4172 locuturum
982 4126 1079 4188 neque
1100 4107 1198 4187 ipsum
1221 4107 1348 4170 multum
1362 4124 1435 4188 pro-

294 4212 443 4274 iecturum
464 4207 680 4288 investigando,
702 4209 781 4290 quod
804 4207 947 4270 indicium
971 4223 1033 4268 non
1055 4204 1185 4278 haberet,

695 4326 734 4396 εὖ
755 4328 818 4414 γάρ
840 4327 882 4397 άν
903 4325 1036 4414 μακράν

395 4435 522 4512 invocor
543 4425 642 4504 αὐτὸς
663 4427 722 4494 odat
744 4427 828 4509 ἔχων
849 4452 882 4494 τι
904 4426 1084 4511 σύμβολον,

295 4580 339 4622 ur.
363 4557 540 4622 tro-221.
585 4558 628 4619 lta
650 4575 773 4621 exorsus
795 4557 837 4620 sic
859 4555 968 4637 pergit:
993 4555 1187 4620 novissimum
1209 4555 1298 4636 igitur
1319 4553 1435 4616 Theba-
