3248 5142
654 410 870 474 ..27-

195 589 337 671 rafcraru’
372 590 401 650 in
435 589 493 650 boc
524 587 742 650 sententiarum
775 583 877 650 nexu?
912 586 1068 667 nqmuus
1101 588 1249 669 colligitur
1270 591 1336 671 Gly-

196 695 390 752 temnestran
423 695 458 750 ut
486 707 512 748 r.
533 687 595 752 537
623 687 751 750 dixerat:
784 695 915 766 ‘propter
941 685 1129 760 uenderet
1154 705 1199 750 rr.
1215 688 1278 752 534
1289 709 1335 772 sq.

196 787 372 868 simpliciter
404 787 525 850 dixisse:
560 793 761 868 ‘quoproptsn
795 805 866 848 ιιιιιιι
899 797 1018 866 prepter
1050 784 1204 866 Arginosl'
1255 789 1337 862 Quae

196 887 396 950 llermanuum
429 904 491 948 non
524 885 634 966 fugisse
667 895 739 967 puto
761 886 867 959 τίνος,
897 885 976 965 quod
1010 905 1026 947 a
1059 905 1151 948 mauu
1181 887 1275 967 prima
1305 890 1336 950 in

196 985 237 1048 La
258 994 425 1049 correctum
458 992 504 1048 est
536 996 567 1066 pt
595 985 665 1047 binc
697 984 840 1065 quaedam
873 985 1037 1066 apographa
1071 985 1225 1059 exhibent,
1258 988 1336 1050 reei-

196 1085 326 1168 pientem
354 1096 385 1148 et
412 1093 482 1167 post
508 1083 569 1148 τοῦ
594 1084 836 1162 distinguentem.
881 1083 923 1145 lta
950 1083 1032 1146 enim
1056 1083 1165 1165 duplex
1186 1085 1219 1147 nt
1239 1087 1336 1148 inter-

195 1185 308 1266 rogatio
340 1183 399 1248 τσῦ
426 1185 446 1247 i.
469 1203 495 1246 e.
525 1178 597 1246 ἀντὶ
624 1181 683 1246 τοῦ
716 1191 746 1245 et
778 1184 867 1255 τίνες
895 1173 997 1266 χάριν
1029 1201 1095 1264 pro
1127 1202 1197 1266 qua
1234 1203 1273 1247 re
1306 1193 1337 1246 et

195 1285 299 1347 cuius
326 1283 457 1365 gratia,
490 1290 524 1345 ut
552 1282 673 1344 alteram
695 1281 841 1344 reseratur
869 1283 906 1343 ad
927 1291 1080 1362 acceptum
1102 1284 1220 1365 aliquod
1242 1283 1336 1347 bene·

195 1385 306 1456 licium,
328 1383 452 1446 alterum
475 1382 510 1444 ad
527 1400 597 1443 eum
612 1381 659 1442 cui
674 1390 792 1462 gratum
807 1381 878 1462 quid
891 1381 989 1443 iacere
1004 1381 1131 1444 voluerit
1145 1385 1336 1464 Agamemno.

196 1483 253 1544 Sed
276 1501 373 1564 neque
395 1482 479 1543 rideo
501 1499 555 1543 cur
574 1479 623 1541 bio
645 1480 801 1561 dupliciter
822 1480 985 1559 interroget
999 1481 1221 1561 clytemnestra,
1244 1501 1336 1562 quum

197 1581 339 1665 particula
372 1578 414 1664 dq'
443 1599 511 1643 cum
537 1579 711 1660 imperativo
734 1575 873 1650 δίδαξον
894 1577 1062 1652 coniuncta,
1091 1580 1153 1642 dic
1180 1599 1337 1663 quaeso,

196 1683 253 1744 iam
277 1680 347 1744 satis
363 1680 526 1743 ostenderit
544 1679 633 1742 animi
653 1679 880 1761 impatientiam,
903 1697 1001 1759 neque
1016 1678 1047 1739 in
1063 1679 1125 1740 eius
1141 1688 1192 1742 aut
1206 1679 1337 1743 Electrae

197 1782 331 1843 oratione
352 1779 382 1842 id
405 1779 581 1843 beneficium
606 1785 866 1851 commemoratur,
894 1797 953 1859 qno
975 1785 1094 1858 accepto
1116 1799 1153 1840 ex
1174 1779 1336 1841 Hermauni

197 1881 366 1942 coniectura
395 1882 576 1958 Agamemno
609 1877 700 1939 liliam
734 1877 851 1940 dicatur
884 1876 1066 1939 mactarisse.
1110 1876 1221 1940 Reislrii
1253 1873 1337 1960 πρός

196 1971 296 2061 χάριν
322 1997 502 2060 quamquam
529 1975 693 2040 sententiae
722 1978 835 2058 optime
857 1976 1005 2048 convenit,
1031 1983 1133 2038 tamen
1155 1995 1248 2058 quum
1275 1993 1336 2038 non

198 2077 236 2138 sit
258 2078 317 2139 reri
344 2077 440 2139 simile
469 2068 552 2157 πρός
581 2075 612 2137 ἰιι
639 2075 698 2138 τοῦ
719 2083 894 2157 corruptum
917 2095 998 2153 esse,
1027 2077 1126 2158 itaque
1156 2076 1243 2138 nullis
1266 2075 1338 2137 artis

199 2175 315 2238 criticae
337 2175 450 2254 legibus
473 2173 693 2255 comprobetur,
717 2194 778 2237 non
801 2182 847 2236 est
868 2191 922 2236 cnr
943 2175 1107 2256 respiciam.

284 2274 379 2354 Atque
401 2291 494 2354 quum
516 2273 548 2335 in
563 2271 603 2333 ba
626 2291 733 2336 manus
755 2274 849 2354 prima
873 2275 1016 2355 scriptum
1038 2277 1140 2338 alnov
1153 2275 1216 2355 ipsa
1231 2293 1337 2355 super-

198 2373 308 2454 scripto
330 2394 367 2446 σς
387 2373 418 2434 in
439 2374 528 2446 τίνος
549 2373 720 2448 correxerit,
750 2393 806 2436 nos
828 2382 929 2436 antem
952 2393 968 2436 e
990 2373 1134 2437 [lindorfii
1156 2375 1338 2455 praelatione

198 2474 268 2535 edit.
313 2471 661 2553 oxon.tltvot.1p.1v
684 2473 875 2535 didicerimus
898 2473 1029 2536 codicem
1057 2493 1073 2535 a
1096 2473 1226 2546 librario,
1254 2480 1339 2555 post·

198 2591 287 2653 quam
309 2580 391 2634 totus
413 2582 493 2634 esset
515 2581 660 2644 exaratus,
688 2572 788 2634 denno
818 2591 886 2635 cum
920 2573 1077 2654 archetypo
1105 2591 1170 2634 esse
1191 2571 1338 2645 collatum,

199 2680 329 2733 correcta
363 2690 439 2752 quae
472 2671 570 2734 minus
604 2681 684 2734 recte
712 2673 905 2754 transscripta
934 2682 1047 2744 essent,
1080 2677 1152 2752 puto
1186 2673 1276 2744 τινος
1307 2671 1339 2732 in

198 2770 357 2851 archetypo
388 2771 531 2851 scriptum
565 2771 713 2833 exstitisse
745 2780 775 2832 et
802 2771 917 2834 conicio
950 2773 1007 2833 boc
1039 2770 1338 2851 interpretamentum

198 2888 266 2931 esse
299 2869 418 2933 voculae
450 2869 510 2932 τοῦ
543 2880 632 2950 atque
661 2869 693 2931 in
722 2877 836 2933 textum
870 2872 982 2933 illatum
1006 2871 1168 2947 genuinum
1192 2856 1339 2949 expulisse

198 2968 383 3030 vocabulum.
428 2967 513 3040 Quod
536 2986 717 3049 quamquam
740 2969 901 3031 admodum
915 2969 1062 3030 incertum
1078 2977 1125 3030 est
1138 2967 1224 3048 quale
1239 2965 1340 3038 luerit,

199 3075 299 3128 tamen
331 3067 427 3147 quoad
463 3067 526 3127 eius
559 3065 622 3127 fieri
651 3074 753 3146 potest
780 3065 971 3146 probabiliter
1000 3085 1088 3128 ame
1110 3065 1339 3148 restitni'posse

198 3165 325 3229 confido.
384 3165 545 3246 Reputanti
582 3165 677 3236 enim,
715 3166 855 3246 quidnam
890 3173 977 3247 poeta
1013 3165 1111 3227 verbis
1147 3163 1206 3228 τοῦ
1242 3162 1340 3244 χάριν

197 3263 321 3330 ἔθυσεν
342 3255 445 3347 aeirq'v
467 3273 500 3326 ut
523 3273 652 3327 metrum
675 3265 851 3346 expleretur,
882 3265 991 3328 addere
1018 3265 1166 3347 potuisset
1192 3266 1339 3327 sententia

197 3367 253 3428 loci
281 3385 377 3448 neque
405 3372 516 3426 mutata
545 3383 643 3445 neque
672 3373 854 3445 exaggerata,
880 3363 1115 3428 obversabantur
1136 3383 1162 3425 u.
1178 3361 1240 3425 530
1263 3361 1339 3427 duel

199 3465 326 3548 πατὴρ
347 3463 407 3548 τὴν
428 3462 490 3547 σήν
512 3458 659 3548 ὅμαιμον
681 3499 722 3508 -
744 3460 818 3548 ἔτλη
846 3461 953 3527 θῦσαι
981 3475 1012 3527 et
1032 3485 1060 3526 r.
1075 3465 1135 3525 571
1161 3456 1207 3537 ὦς
1230 3461 1338 3548 πατὴρ

198 3597 241 3608 —
271 3557 425 3628 ἐκθύσειε
459 3562 517 3648 τήν
551 3560 653 3626 αὑτοῦ
691 3559 798 3646 κορήν.
857 3563 987 3626 Restitui
1022 3565 1112 3644 igitur
1148 3561 1206 3626 τοῦ
1241 3553 1340 3641 χάριν

199 3659 327 3745 πατὴρ
360 3657 481 3724 ἕθνσεν
514 3655 630 3744 odaria,
659 3663 691 3724 in
719 3681 817 3744 progr.
849 3681 949 3746 gymn
980 3663 1166 3746 Wongroric.
1194 3682 1218 3724 a.
1245 3659 1337 3724 1876.

198 3761 293 3833 Quam
320 3779 422 3822 rocem
454 3761 512 3821 iam
546 3761 582 3821 ab
609 3761 775 3823 Toumiero
801 3763 969 3825 restitutam
997 3781 1063 3825 esse
1085 3763 1184 3824 Nauck
1212 3763 1244 3823 in
1272 3779 1337 3841 app.

197 3861 261 3922 erit
286 3860 354 3921 edit.
371 3859 421 3920 Vll
443 3859 502 3918 lab.
517 3858 649 3920 Electrae
672 3879 698 3920 a.
717 3859 799 3921 1877
822 3861 950 3923 adnotat

281 3958 358 4021 'lum
396 3959 517 4020 demum
554 3967 622 4038 apte
659 3967 828 4040 sequuntur
864 3957 1005 4042 πότερον
1043 3955 1199 4042 Ἀργείων
1235 3955 1338 4039 spere,-

197 4058 314 4121 Patrem
349 4057 579 4140 Clytaemnestra
605 4059 826 4138 Agamemnona
857 4060 995 4121 maritum
1019 4059 1143 4141 appellat
1170 4068 1205 4121 ut
1225 4077 1252 4119 r.
1274 4057 1336 4119 525

197 4164 228 4217 et
249 4155 326 4218 alibi.

284 4255 357 4318 (led.
379 4256 415 4317 R.
436 4275 463 4318 r.
479 4255 530 4318 50.
574 4257 695 4319 Flamen
723 4255 811 4318 Dialis
839 4263 874 4318 nt
904 4257 1106 4321 Romanorum
1133 4256 1277 4319 vocabulo
1305 4256 1336 4318 in

198 4355 364 4417 sacerdotio
386 4355 496 4418 Graeco
522 4364 596 4428 utar,
630 4356 681 4436 qni
716 4374 821 4436 magna
854 4372 961 4418 senum
988 4377 1023 4419 ac
1054 4358 1195 4420 iuvenum
1222 4365 1337 4418 caterva

196 4455 353 4516 comitatus
386 4453 531 4535 Oedipum
563 4455 676 4518 adierat
706 4464 741 4518 ut
772 4455 913 4518 auxilinm
947 4457 1038 4518 terret
1074 4456 1105 4518 in
1139 4454 1337 4536 pestilentiam
