3248 5142
631 423 692 500 ,-
742 390 867 459 13-

287 559 437 632 ἐνταῦθά
457 584 516 646 μοι
539 559 639 647 κῆρύξ
659 585 694 628 τε
715 559 817 628 κάπὶ
840 563 1024 647 πωλικῆς

289 659 389 750 ἀνὴρ
411 658 569 747 ἀπήνης
589 659 747 745 ἐμβεβώς.

273 815 301 856 r.
324 794 396 857 208.
441 794 603 856 Neutarum
640 795 748 856 eborns
784 811 878 875 quum
915 813 931 855 e
968 791 1125 854 'i'eemessa
1158 790 1331 872 cognoverit

188 893 442 958 Aiaceminsenia
465 902 665 974 aegrotantem
688 893 720 955 in
743 894 872 956 tentorio
895 893 1015 966 morari,
1037 892 1171 964 miratus,
1195 890 1267 971 quid
1291 889 1331 954 sit

189 994 269 1075 quod
293 1011 361 1056 eum
384 993 425 1054 ite
446 993 585 1068 affecerit,
608 992 723 1074 quaerit

288 1124 321 1185 ai
344 1117 380 1185 δ’
403 1117 596 1206 §epitescat
618 1122 674 1206 τῆς
696 1115 834 1206 praepter

295 1219 354 1294 vd}
374 1213 433 1305 ἥδε
455 1217 572 1304 odone

187 1367 297 1430 Vocem
325 1359 462 1448 ἡμερίας
487 1366 661 1432 scholiastae
690 1365 787 1437 doun,
816 1362 983 1438 Tridinius,
1014 1363 1175 1434 Hermann.
1200 1363 1329 1440 bobcdr,

187 1465 236 1528 alii
258 1463 444 1527 substantivo
468 1457 553 1547 ὥρας
574 1466 674 1528 audito
697 1466 860 1546 significare
887 1474 1006 1544 tempus
1028 1464 1168 1530 ὥιιῑίιιιη]
1191 1471 1222 1529 ct
1243 1481 1330 1544 prae·

187 1563 309 1628 teritum
337 1563 415 1627 diem
443 1565 635 1628 contendunt.
680 1565 764 1640 Quod
794 1583 888 1646 quum
917 1563 1016 1628 desint
1043 1563 1106 1626 eius
1129 1563 1331 1628 similitudinis

188 1663 320 1745 exempla
343 1672 464 1745 excepto
488 1683 549 1726 uno
572 1665 757 1726 Manethonis
778 1663 994 1738 infirmissimo,
1023 1663 1086 1726 fieri
1112 1682 1200 1743 posse
1223 1671 1332 1743 negant

188 1763 320 1845 plerique
348 1763 423 1825 alius
446 1763 535 1825 aliam
557 1763 690 1826 meditati
717 1764 967 1828 emendationem.
1011 1763 1144 1836 Quarum
1166 1761 1331 1826 Tbiersehii

189 1863 336 1926 lenissima
365 1862 485 1925 videtur
517 1881 581 1926 esse
615 1863 755 1936 mutatio,
789 1863 935 1926 sententia
964 1861 1122 1944 aptissima,
1169 1861 1228 1927 Sed
1257 1861 1331 1923 nihil

188 1981 294 2030 censeo
322 1980 398 2043 opus
426 1982 491 2026 esse
519 1963 694 2032 mutatione,
724 1963 796 2025 dnm
826 1962 915 2025 modo
937 1950 1061 2044 q‘psqia
1083 1977 1146 2027 non
1168 1960 1204 2022 ab
1226 1954 1332 2042 ἡμέρα

188 2063 240 2124 sed
267 2061 303 2124 ab
330 2053 448 2144 ἥμερος
475 2060 636 2124 derivatum
660 2069 773 2124 statuas
799 2069 828 2124 et
850 2068 964 2122 vertas:
1000 2060 1084 2144 ‘quid
1107 2075 1195 2141 prove
1221 2057 1333 2120 motum

187 2160 255 2222 boec
280 2177 342 2222 ooo
368 2159 427 2222 sibi
446 2164 619 2240 pertentavit
652 2159 705 2222 otta
731 2155 988 2222 mansetudine?
1020 2151 1139 2242 ἤμερλα
1172 2156 1252 2220 enim
1287 2163 1332 2219 est

186 2259 266 2322 idem
289 2260 370 2342 quod
392 2253 550 2343 ἡμερότης
572 2266 602 2320 et
624 2251 670 2319 est
691 2257 793 2322 dotum
815 2277 832 2319 a
854 2266 941 2338 poeto
956 2259 1063 2319 eodem
1083 2257 1160 2330 iure,
1182 2275 1242 2338 quo
1265 2257 1331 2320 licta

186 2366 257 2422 sunt
287 2356 414 2420 derivata
442 2357 479 2420 ab
506 2356 656 2437 adieetiris
683 2357 716 2422 in
738 2359 792 2432 -oc
813 2356 1044 2422 terminantibus
1067 2357 1216 2420 secundae
1237 2355 1331 2420 dedi-

187 2456 317 2522 nationis
350 2453 450 2540 petire
482 2463 514 2518 et
539 2453 678 2539 φιλότης
705 2475 721 2518 a
750 2453 849 2542 φίλος
869 2464 925 2518 etc.
968 2455 1070 2537 Neque
1097 2455 1208 2537 opponi
1230 2462 1331 2536 potest

187 2554 253 2620 tieri
274 2573 336 2620 non
357 2573 456 2635 posse,
479 2554 552 2634 quin
574 2549 713 2638 ἡμφίας
735 2555 771 2620 de
794 2555 840 2620 die
861 2555 1058 2635 intellegatur,
1087 2555 1168 2636 quod
1189 2554 1331 2620 snbstan-

188 2654 239 2716 tiri
261 2655 387 2735 vulgaris
408 2646 517 2738 ἡμέρα
538 2654 727 2720 audientibus
755 2655 787 2718 in
810 2663 943 2718 mentem
964 2655 1067 2719 venire
1086 2672 1211 2720 necesse
1229 2653 1330 2720 incid.

187 2753 248 2818 lam
281 2753 363 2818 enirn
396 2753 512 2835 antiqui
543 2755 727 2834 grammatici
763 2772 874 2819 nornen
911 2747 1016 2837 ἡμέρα
1051 2753 1152 2818 sortito
1189 2746 1259 2835 ὥρα
1293 2753 1330 2818 ab

186 2846 306 2936 ἥμερος
328 2852 509 2918 derivabant
554 2853 655 2934 Neque
677 2853 798 2928 mirum,
819 2860 1070 2936 cumanumque
1093 2850 1269 2918 vocabulum
1290 2852 1329 2916 ita

186 2968 261 3014 sono
284 2951 450 3024 conveniat,
474 2959 508 3014 nt
529 2970 545 3012 e
568 2953 721 3016 commoni
741 2951 878 3030 gentium
901 2969 984 3014 more
1005 2951 1069 3012 fere
1083 2950 1222 3016 eiusdem·
1237 2949 1330 3030 signi·

186 3047 331 3115 unusne
353 3048 478 3112 Graecos
499 3050 725 3115 commonuerit.
763 3051 823 3112 Nos
838 3047 958 3130 quidem
980 3049 1038 3114 tria
1056 3044 1180 3132 ἡμέρα,
1200 3042 1329 3132 ἥμερος,

185 3142 300 3231 inspic
336 3147 476 3212 voeabula
513 3166 529 3210 a
564 3146 664 3210 radice
699 3161 787 3230 σμαρ
822 3145 983 3215 densanda
1018 3166 1083 3214 osse
1119 3148 1278 3212 didicimus
1312 3167 1330 3214 a

186 3247 335 3324 Goebelio
358 3266 383 3309 v.
407 3247 447 3322 d,
473 3247 505 3312 in
531 3246 655 3328 lerdogo
677 3246 799 3310 Homeri
826 3255 919 3328 atquo
938 3245 1173 3323 Homeridarum,
1199 3247 1329 3314 benolio.

188 3346 280 3422 1878,
313 3367 342 3428 p.
368 3345 440 3408 420.
495 3345 732 3412 Mansuetudinis
764 3345 853 3426 igitur
885 3346 980 3421 notio,
1016 3365 1091 3428 quae
1124 3347 1184 3412 iam
1215 3347 1330 3414 nomini

185 3437 290 3528 ἡμέρα
310 3446 417 3522 inerat,
438 3445 555 3511 nomini
577 3464 696 3528 quoque
716 3439 838 3528 q‘pspie
851 3436 953 3515 inesse
967 3445 1132 3526 oportebat,
1154 3449 1327 3528 praesertim

186 3563 280 3624 quum
300 3544 498 3610 Athenienses
525 3545 556 3608 id
584 3565 601 3608 a
622 3544 767 3626 Sophocle
797 3563 834 3608 en
858 3563 947 3610 scena
969 3545 1115 3611 aaronem.
1160 3546 1218 3620 Qui
1241 3553 1329 3628 poeta

185 3649 303 3724 prester
329 3651 445 3707 ceteros
472 3663 560 3708 voces
581 3644 720 3724 primaria
742 3643 958 3722 significatione
979 3645 1152 3726 usurpabat,
1175 3646 1213 3708 ef.
1236 3644 1329 3708 ciso-

186 3741 280 3824 vopei
301 3769 346 3798 π
368 3740 509 3822 oiucoqci
530 3741 573 3806 El.
597 3762 624 3803 v.
643 3740 713 3820 190,
736 3734 895 3826 ἂγχιστήρ
923 3744 962 3808 ds
987 3743 1057 3808 mali
1078 3750 1200 3808 auctore
1223 3743 1328 3810 Traob.

184 3861 212 3914 n·
228 3841 300 3916 256,
323 3847 412 3922 atqua
435 3841 508 3906 adeo
530 3859 606 3906 nora
629 3841 715 3906 rerba
738 3841 860 3923 antiqua
880 3842 986 3906 radicis
1008 3842 1038 3906 ri
1059 3851 1172 3911 serram
1192 3843 1328 3910 inveme-

185 3941 245 4016 bat,
266 3942 308 4008 ita
330 3949 364 4004 nt
385 3940 581 4004 Athenienses
607 3942 825 4022 propemodum
853 3948 972 4022 cogeret
997 3961 1114 4006 summa
1141 3942 1233 4008 animi
1256 3962 1328 4008 oon·

185 4041 320 4107 tentione
356 4041 545 4115 auscuttare,
588 4057 664 4121 quae
708 4039 745 4104 ab
781 4060 817 4106 eo
853 4039 887 4104 in
922 4058 1011 4105 scena
1047 4041 1228 4118 dicerentur.
1284 4044 1327 4108 De

185 4141 327 4222 Sopbode
351 4141 506 4206 verborum
527 4140 683 4207 inventore
705 4139 742 4204 oi.
763 4140 793 4204 G.
809 4138 976 4204 Sohiudleri
997 4140 1231 4222 copiosissimam
1254 4143 1326 4208 diss.

184 4237 550 4327 transmutantem.
652 4259 657 4266 ·

271 4338 422 4402 Sententia
442 4338 534 4418 igitur
555 4357 656 4402 versus
678 4337 806 4402 muitum
826 4336 933 4402 tentati
960 4345 1018 4402 est:
1053 4341 1135 4420 ‘quid
1166 4340 1241 4404 muli
1269 4358 1325 4421 pro

184 4438 238 4503 rue
268 4438 487 4502 mansetudine
506 4456 547 4502 sc.
581 4456 670 4520 quam
702 4437 775 4502 dian
806 4436 968 4517 praeterito
1002 4437 1049 4500 die
1081 4457 1154 4518 prae
1186 4457 1219 4502 se
1250 4439 1327 4512 tulit,

184 4539 287 4604 ocoidd
307 4538 361 4603 boc
381 4533 496 4630 nccut'
528 4537 597 4602 dian
619 4538 699 4604 enim
720 4536 866 4604 sententia
898 4536 947 4602 illa
979 4537 1113 4604 iudicum
1140 4537 1242 4620 iniqua
1269 4537 1326 4604 lata
