3248 5142
592 374 914 437 ...1-

247 549 372 630 Seyffert
394 549 504 612 codicis
526 548 675 630 archetypi
703 549 845 613 lectiones
868 556 1042 611 constanter
1069 550 1173 612 tenuit.
1218 551 1291 614 Tam
1314 552 1393 615 enim

247 647 350 709 multis
373 655 466 709 scatet
487 647 565 710 vitiis
587 647 803 710 Laurentianus
827 656 856 709 11
878 648 1000 710 meliora
1025 649 1169 729 praebent
1190 650 1343 714 Parisinus
1359 653 1393 724 11,

246 745 435 808 Florentinus
460 747 498 821 Γ,
526 747 578 828 qui
605 747 716 809 scholia
739 747 939 809 Laurentiano
962 748 1079 810 saeculo
1102 749 1259 812 undecimo
1282 749 1395 812 addidit

248 844 396 908 diorthota
428 845 479 925 qui
511 852 633 906 vocatur
666 864 681 907 a
711 845 873 908 llindorfio.
917 845 1052 920 Quorum
1087 865 1179 926 quum
1213 850 1393 920 sententiam

248 947 306 1009 iam
328 946 426 1009 iustus
443 945 632 1008 Hermannus
647 945 765 1027 Lipsius
787 946 819 1008 in
841 945 938 1008 libello
961 945 1150 1008 scholiastico
1173 947 1334 1029 Lipsiensi:
1358 949 1394 1011 de

248 1044 403 1126 Sophoclis
431 1044 609 1107 emendandi
639 1044 808 1126 praesidiis,
839 1064 863 1106 a.
891 1043 971 1107 1860
999 1046 1218 1126 impugnasset,
1247 1048 1394 1111 Antonius

248 1144 384 1226 Seyffert,
406 1143 538 1206 Mauricii
559 1143 647 1217 lilius,
669 1145 700 1206 in
723 1145 840 1207 dissert.
863 1145 978 1224 inaug.:
1003 1145 1194 1224 quaestiones
1216 1147 1333 1210 criticae
1356 1148 1393 1210 de

248 1242 397 1305 codicibus
425 1243 576 1323 Sophoclis
609 1250 689 1306 recte
723 1243 932 1317 aestimandis,
965 1243 1045 1306 Halis
1072 1244 1223 1308 Saxonum
1252 1265 1276 1310 a.
1302 1245 1394 1321 1863,

213 1386 215 1391 -
246 1343 443 1424 principatum
459 1342 578 1423 quidem
593 1343 790 1406 Laurentiano
805 1341 910 1406 tribuit
930 1344 971 1405 ita
983 1352 1093 1416 tamen,
1118 1352 1151 1406 ut
1172 1344 1265 1408 libros
1282 1343 1307 1407 Α
1322 1353 1352 1407 11
1368 1347 1399 1408 Γ

248 1461 283 1502 ex
307 1443 418 1505 diversa
441 1441 554 1521 origine
577 1449 659 1505 ortos
683 1451 714 1505 et
735 1441 785 1523 qui
807 1442 840 1505 in
861 1442 1052 1505 restituendis
1074 1450 1179 1523 poetae
1201 1445 1298 1508 verbis
1321 1462 1393 1506 con-

248 1542 416 1605 sulerentur
439 1560 502 1604 non
525 1542 624 1604 minus
653 1542 757 1622 dignos
785 1548 943 1614 statueret,
976 1541 1125 1604 Michaelis
1157 1561 1226 1604 vero
1260 1543 1290 1604 in
1325 1543 1393 1607 edit.

250 1641 284 1703 0.
300 1641 387 1704 Jahn.
402 1642 429 1703 lI
443 1643 536 1722 prael.
552 1661 580 1722 p.
597 1642 633 1703 vt
657 1642 765 1722 duplex
786 1638 930 1704 librorum
955 1641 1187 1722 Sophocleorum
1210 1661 1305 1722 genus
1328 1662 1394 1706 esse

249 1740 336 1813 dixit,
364 1739 400 1802 ab
427 1741 519 1803 altera
545 1749 629 1821 parte
651 1748 728 1803 stare
750 1740 1021 1820 praestantissimos
1042 1740 1084 1802 La
1107 1750 1137 1804 et
1158 1740 1211 1815 Lh,
1240 1743 1277 1805 ab
1304 1742 1394 1806 altera

248 1839 400 1902 Parisinus
423 1839 553 1901 12712
576 1847 607 1901 11
625 1858 656 1900 n.
672 1838 756 1901 2886
778 1845 808 1900 ct
830 1838 938 1900 codicis
960 1838 1000 1901 La
1022 1839 1167 1901 secundas
1190 1858 1305 1914 manus,
1330 1861 1393 1904 me·

248 1939 329 2001 dium
346 1938 497 2020 quendam
513 1939 592 2000 inter
607 1945 751 2018 utrosque
766 1944 871 2000 tenere
886 1939 986 1999 locum
1000 1937 1207 2001 Florentinum
1220 1939 1270 2002 1²³.
1299 1941 1393 2014 Quam

250 2039 341 2120 igitur
374 2045 484 2101 certam
516 2038 662 2103 librorum
697 2038 931 2118 Sophocleorum
965 2038 1111 2100 rationem
1134 2037 1236 2114 Cobet,
1259 2039 1394 2113 llindorl,

250 2139 375 2219 Seyffert
401 2144 485 2216 pater
510 2137 566 2199 sibi
593 2137 758 2218 repperisse
785 2137 934 2205 videntur,
968 2147 1081 2218 negant
1107 2137 1240 2219 Lipsius,
1270 2140 1395 2222 Seyffert

249 2236 337 2311 lilius,
358 2234 516 2306 Michaelis,
541 2244 574 2296 ut
595 2234 791 2297 Horatianum
813 2236 884 2297 illud
906 2236 1074 2316 praedicare
1096 2238 1194 2317 possis

393 2333 594 2413 ‘grammatici
616 2341 731 2396 certant
753 2342 783 2396 et
805 2334 903 2396 adhuc
923 2334 980 2397 sub
1002 2335 1099 2397 iudice
1121 2334 1157 2396 lis
1180 2334 1251 2397 est’.

250 2435 354 2515 Neque
383 2432 536 2494 novissimi
564 2431 615 2512 qui
642 2432 834 2513 disputabant
861 2433 897 2495 de
924 2433 979 2495 hac
1002 2451 1034 2495 re
1055 2451 1100 2494 rr.
1124 2434 1172 2494 dd.
1195 2432 1393 2496 consentiunt.

250 2534 324 2594 Nam
347 2530 485 2604 Carallin,
509 2531 576 2593 edit
600 2530 661 2595 fab.
677 2531 858 2595 Philoctetae
873 2532 1052 2606 Lundensis,
1068 2533 1190 2616 codices
1213 2533 1264 2612 qni
1286 2531 1395 2594 diversi

250 2617 287 2693 ab
309 2629 509 2692 Laurentiano
531 2630 688 2693 videantur
720 2651 756 2694 ex
784 2631 841 2695 hoc
874 2632 914 2693 ita
937 2631 1126 2694 descendisse
1159 2631 1328 2724 contendit,
1361 2639 1395 2693 ut

250 2730 393 2793 lectiones
415 2729 543 2809 quaein
565 2729 602 2792 iis
624 2730 760 2793 meliores
783 2732 845 2793 sint
860 2748 921 2792 non
944 2749 979 2790 11
1001 2746 1063 2790 111
1078 2728 1175 2808 abque
1197 2728 1321 2809 antiquo
1343 2749 1395 2793 co-

251 2829 316 2891 dice
338 2829 390 2891 sed
412 2847 447 2890 ex
470 2847 575 2908 magna
598 2830 645 2893 vel
667 2829 903 2910 apographorum
933 2828 979 2888 vel
1005 2828 1169 2906 glossarum
1191 2828 1396 2891 1111111111-

250 2951 351 2995 rarum
375 2933 515 2994 rarietate
536 2932 711 3012 provenisse
733 2931 885 2994 habendae
907 2929 975 2991 sint.
1012 2929 1210 2992 11111111111
1233 2929 1396 2992 Schneider

251 3053 278 3094 v.
287 3031 316 3094 d.
329 3031 529 3094 berolinensis
540 3031 573 3093 in
585 3031 768 3095 Fleckeiseni
779 3048 846 3092 nor.
859 3047 929 3090 ann.
941 3029 1315 3110 1111111.111.(1111111.441
1328 3047 1395 3109 sqq.

251 3133 332 3194 litem
353 3131 395 3193 111
418 3131 575 3194 resolvisse
595 3131 650 3194 sibi
671 3131 752 3193 risus
769 3136 823 3203 est,
845 3136 880 3190 ut
900 3128 1080 3208 comparatis
1102 3128 1182 3190 inter
1196 3148 1229 3190 se
1245 3127 1396 3190 codicibus

251 3232 291 3294 La
307 3238 336 3293 11
354 3231 461 3293 Ρ11.11
483 3231 649 3293 censuerit:
677 3230 753 3291 ‘duo
779 3244 887 3308 genera
909 3245 976 3290 esse
998 3227 1133 3289 codicum
1150 3226 1396 3308 Sophocleorum,

252 3347 381 3411 quorum
403 3328 524 3391 alterius
547 3335 635 3410 caput
656 3327 874 3390 Laurentianus
897 3345 923 3400 a,
946 3326 1097 3388 Parisinus
1119 3325 1287 3388 balterius
1310 3332 1396 3386 esset

252 3429 303 3491 llis
336 3428 425 3506 igitur
457 3429 574 3492 duobus
597 3427 683 3489 verba
705 3431 810 3507 poetae
833 3444 920 3506 quam
944 3426 1098 3487 verissime
1119 3426 1197 3488 111111
1229 3433 1258 3488 11
1290 3425 1331 3486 ita
1362 3431 1397 3485 11

252 3527 451 3591 Laurentiano
484 3528 580 3591 maior
611 3525 767 3589 tribuenda
800 3527 839 3587 sit
871 3525 1039 3589 auctoritas.
1083 3526 1203 3589 Praeter
1225 3526 1280 3589 hos
1304 3524 1396 3588 libros

252 3643 359 3707 paucas
381 3635 499 3689 tantum
523 3626 615 3688 varias
636 3625 777 3687 lectiones
799 3643 814 3686 a
838 3625 985 3687 diorthota
1008 3632 1169 3688 asservatas
1192 3625 1297 3704 dignas
1318 3643 1397 3697 esse,

252 3745 377 3806 quarum
399 3725 474 3788 ratio
496 3723 631 3786 habenda
654 3722 703 3784 sit.
741 3722 830 3785 Plane
851 3742 920 3785 vero
941 3724 1122 3804 repudianda
1145 3743 1210 3806 esse
1231 3742 1308 3804 quac
1329 3739 1397 3783 cor-

252 3834 332 3888 recta
354 3825 413 3887 sint
433 3844 450 3886 a
468 3821 685 3886 recentioribus
700 3821 740 3884 La
764 3822 901 3884 manibus
923 3831 953 3884 et
974 3841 1050 3903 quae
1072 3823 1186 3885 diversa
1208 3822 1344 3901 legantur
1364 3820 1395 3880 iu

253 3925 358 3987 ceteris
373 3921 532 3986 codicibus.
570 3921 671 3982 Unum
686 3927 801 3984 tantum
820 3921 1051 3984 Laurentianum
1068 3921 1096 3990 b,
1119 3920 1170 3982 ubi
1186 3920 1220 3981 in
1236 3918 1275 3980 La
1290 3928 1397 4000 poetae

254 4023 342 4084 rerba
364 4019 554 4092 evanuerint,
585 4018 709 4098 dignum
732 4021 872 4102 assequi
898 4021 983 4083 testis
1005 4019 1149 4082 habeatur
1172 4035 1292 4094 eornm,
1320 4037 1396 4099 quae

254 4119 391 4203 primitus
409 4117 440 4179 in
455 4118 496 4180 La
511 4118 621 4199 scripta
636 4120 768 4182 luerint'.
807 4121 890 4194 Quae
912 4121 938 4182 si
961 4127 1039 4181 recta
1059 4127 1139 4192 sunt,
1163 4118 1396 4199 Sophocleorum

254 4219 388 4282 codicum
421 4217 497 4278 ratio
531 4217 633 4280 eadem
660 4220 790 4299 putanda
822 4227 869 4280 est
902 4227 991 4299 atque
1013 4216 1254 4298 -heschyleorum
1300 4219 1396 4292 Quam

255 4316 435 4381 sententiam
450 4315 641 4397 approbatam
658 4336 673 4378 a
689 4318 725 4379 N.
741 4317 902 4379 Wechlinio
924 4317 956 4378 in
971 4315 1108 4378 Bursiani
1119 4333 1188 4379 ann.
1201 4318 1238 4380 de
1248 4335 1396 4398 progress.

254 4418 376 4479 litterar.
401 4415 547 4496 antiquar.
571 4417 628 4478 vol.
651 4416 674 4477 V
695 4436 724 4497 p.
750 4415 812 4477 222
835 4433 889 4495 ego
912 4433 1032 4496 qnoque
1054 4417 1236 4496 sequendam
1253 4421 1375 4478 censeo.

341 4515 399 4576 ‘hb
421 4517 488 4578 lore
521 4515 726 4597 principium'.
773 4514 904 4578 Orsurus
937 4515 1016 4576 enim
1048 4515 1107 4577 iam
1141 4515 1258 4578 initium
1292 4516 1395 4577 faciam
