3248 5142
764 389 986 452 „80-

402 561 563 646 Τυδείδης
585 554 684 634 αόνός
707 585 769 644 περ
792 557 857 626 ίοίν
878 524 1105 646 προμόχοισιν
1127 561 1264 647 ἐμίχθη,

297 703 437 782 adquam
461 720 577 763 versum
598 702 634 763 cl.
656 701 844 782 interpretes.
876 703 928 764 Cui
950 702 1136 783 pronomini,
1158 711 1192 765 ut
1211 705 1379 767 solitudinis
1401 705 1443 766 vis

297 803 402 863 clarius
429 809 578 882 appareat,
604 801 640 862 ab
663 801 793 862 Homero
820 802 902 876 οἶος,
929 802 965 864 ab
992 803 1096 866 Atticis
1123 804 1317 884 scriptoribus
1342 801 1444 886 μόνος

296 901 475 978 adiungitur,
496 909 530 962 ut
550 907 631 961 recte
655 901 712 961 hoc
732 909 836 963 nostro
857 902 921 962 loco
943 901 1131 963 scholiastam
1148 903 1335 982 pronominis
1355 921 1441 964 usum

296 999 457 1078 explicasse
484 998 563 1060 dieas
592 999 843 1078 interpretantem
870 994 954 1062 όποο
978 994 1076 1074 αὐτός
1096 996 1251 1083 μόνος-
1268 995 1318 1083 ἦν.
1358 999 1443 1062 Unde

296 1097 422 1158 efficitur
449 1105 482 1158 ut
511 1097 688 1159 adiectivum
714 1094 902 1182 πρόσουρος
927 1117 995 1160 cum
1023 1099 1120 1161 verbis
1146 1094 1205 1161 οόκ
1232 1096 1315 1177 ἔχων
1340 1094 1442 1180 βόσιν

296 1196 536 1273 coniungendam
567 1195 616 1256 sit.
661 1195 724 1268 Qua
755 1215 824 1257 voce
853 1197 947 1258 ionica
981 1197 1126 1258 vicinus
1152 1196 1230 1277 apud
1257 1197 1442 1259 Herodotum

297 1295 455 1375 quinquies
483 1294 675 1374 significatur.
712 1294 771 1356 Sed
797 1295 869 1358 haec
894 1295 936 1356 vis
963 1305 1066 1358 nostro
1092 1297 1157 1358 loco
1184 1297 1362 1358 alienissima
1388 1303 1441 1356 cst.

297 1395 365 1455 lura
381 1393 462 1455 enim
479 1393 597 1473 quaeris
614 1393 660 1454 cui
683 1393 797 1455 dicatur
818 1395 978 1456 Philocteta
1000 1394 1113 1456 vicinus
1135 1413 1208 1472 esse,
1230 1413 1323 1474 quum
1340 1402 1441 1455 tamen

295 1492 430 1572 proxime
456 1491 643 1570 praecedenti
670 1487 767 1564 αὐτός
792 1493 872 1554 solus
894 1511 958 1554 esse
974 1493 1140 1555 denotetur.
1171 1493 1248 1572 Ergo
1264 1491 1441 1555 adiectivum

296 1586 484 1671 πρόσουρος
520 1590 739 1652 emendandum
775 1600 830 1652 est.
874 1591 1030 1653 Reicienda
1060 1599 1106 1653 est
1135 1589 1234 1653 Bothii
1263 1610 1382 1671 quoque
1413 1599 1442 1652 et

296 1687 429 1768 Madvigii
451 1689 619 1750 coniectura
646 1684 836 1771 πρόσουρον
858 1685 917 1751 οὐκ
939 1687 1023 1769 ἔχων
1044 1685 1146 1771 βόσιν
1169 1689 1313 1752 ‘vicinum
1339 1690 1441 1750 cuius·

296 1805 384 1865 quam
402 1805 537 1866 gressum
552 1805 614 1848 non
630 1786 765 1862 habam',
788 1806 882 1868 quum
905 1789 950 1850 his
970 1789 1068 1850 verbis
1084 1807 1164 1850 mera
1185 1797 1290 1868 poetae
1312 1788 1441 1859 iteratio,

295 1904 384 1965 quam
411 1885 514 1948 Graeci
540 1885 729 1963 tautologiam
756 1895 869 1961 vocant,
894 1887 1079 1949 obtrudatur.
1113 1887 1195 1949 ldem
1221 1896 1323 1948 autem
1349 1885 1441 1948 scho-

294 1984 378 2045 liasta
395 1985 446 2064 qui
461 1979 559 2057 αίοός
573 1991 652 2044 recte
666 1984 816 2057 intellexit,
843 1977 1033 2067 πρόσουρος
1066 2005 1131 2048 csse
1157 1987 1200 2048 ait
1222 1979 1289 2048 ὑπό
1312 1980 1442 2065 όνέμων

296 2078 512 2164 βαλλόμενος,
550 2079 650 2162 πρός
683 2080 831 2166 ἄνεμον
859 2085 1148 2166 τετραμμένος.
1194 2084 1305 2158 Quidni
1335 2083 1441 2161 legerit

295 2190 326 2242 ct
351 2181 539 2262 explicaverit
564 2176 663 2264 πρὸς
686 2176 805 2264 οὖρον
831 2185 918 2246 verba
945 2182 1072 2264 poetae?
1106 2179 1211 2266 Οὖρος
1231 2201 1300 2246 vero
1317 2188 1441 2245 nonest

293 2289 401 2342 ventus
428 2279 585 2352 secundus,
610 2283 689 2360 quod
716 2283 836 2363 proprie
851 2281 963 2346 dictum
989 2302 1050 2346 non
1074 2283 1224 2344 invenitur
1237 2283 1269 2343 in
1284 2280 1439 2362 Sophoclis

294 2397 372 2460 quae
386 2387 515 2451 exstant,
531 2380 584 2440 sed
599 2387 644 2441 est
657 2387 794 2442 nostrum
806 2380 909 2454 Hert,
926 2390 960 2442 nt
971 2381 1162 2444 Homericum
1179 2373 1276 2461 οὖρος
1283 2375 1438 2458 Ἀχαιῶν,

293 2478 330 2538 cl.
358 2478 494 2558 Hesychii
521 2480 630 2557 glossa:
658 2473 771 2560 οὖρος·
794 2477 962 2559 βασιλεύς,
987 2477 1113 2562 φύλαξ,
1144 2475 1275 2562 σωτήρ
1301 2487 1332 2540 et
1356 2479 1439 2542 deri·
1551 2499 1556 2510 ⁴

293 2587 394 2639 vatum
421 2577 553 2639 aradice
574 2597 646 2665 pop.
677 2578 762 2640 Unde
789 2586 854 2641 orta
879 2586 952 2641 sunt
965 2579 1146 2641 Graecorum
1173 2574 1306 2660 ὄρομαι,
1334 2572 1437 2659 ὁρόω,

294 2669 420 2757 οόρεός,
437 2671 609 2757 ἐπίουρος,
626 2673 792 2758 θυρωρός,
806 2674 992 2761 πολαωρός,
1008 2673 1169 2759 όοσωρός,
1182 2670 1362 2757 δοσωρέειν
1374 2684 1439 2747 etc,

294 2773 468 2836 Latinorum
486 2793 588 2836 vereor
607 2776 730 2857 eiusque
746 2775 885 2849 derivata,
907 2786 1008 2838 nostra
1029 2776 1149 2855 antiqua
1170 2775 1267 2854 giwar,
1285 2791 1369 2848 wara,
1383 2775 1438 2841 lxo-

295 2873 395 2934 dierna
411 2875 538 2951 gewahr‚
555 2876 774 2952 wahrnehmen,
796 2875 924 2948 wahren,
948 2882 1050 2945 wart,
1073 2881 1187 2940 warten
1202 2882 1268 2946 etc,
1288 2874 1329 2935 cl.
1346 2873 1439 2936 Curtii

294 2971 437 3034 elementa
453 2974 570 3052 etymol.
587 2992 680 3053 graec.
695 2993 724 3054 p.
741 2973 803 3034 349
820 2992 849 3033 n.
866 2973 937 3046 501,
952 2973 1020 3038 edit.
1035 2973 1082 3034 lV.

378 3071 433 3135 Est
447 3071 538 3148 igitur
552 3066 648 3154 οὖρος
664 3073 717 3153 qui
732 3091 834 3136 curam
849 3071 924 3150 gerit
946 3071 1069 3134 alicuius
1086 3079 1187 3134 nostro
1204 3071 1302 3133 versui
1317 3070 1439 3151 aptissi-

294 3187 388 3230 mum.
428 3171 528 3243 Quum
556 3170 636 3231 enim
663 3180 731 3250 post
758 3165 856 3242 αὐτός
882 3170 1052 3232 distinxeris
1078 3180 1108 3232 et
1135 3167 1218 3254 πρός
1245 3162 1344 3251 οὖρον
1370 3187 1436 3231 cum

294 3268 488 3347 sequentibus
518 3268 723 3344 coniunxeris‚
754 3269 901 3330 sententia
930 3269 1039 3330 evadit:
1077 3269 1145 3330 ‘ubi
1170 3269 1248 3330 solus
1276 3279 1351 3338 eret,
1381 3285 1439 3329 ooo

292 3365 399 3426 habeor
413 3369 607 3445 sospitatorem
622 3371 679 3429 sive
695 3377 840 3428 auctorem
857 3367 959 3429 salutis
984 3386 1067 3448 quem
1092 3367 1193 3437 addet,
1218 3385 1254 3427 nc
1278 3367 1438 3446 indigenam

293 3464 405 3544 quidem
430 3464 503 3526 moli
526 3469 651 3526 victoum
667 3464 734 3525 etc.'
771 3465 814 3525 Ex
828 3466 962 3544 proxime
983 3464 1227 3546 praecedentibus
1252 3463 1290 3526 ad
1316 3482 1439 3526 accusa-

293 3563 387 3624 tivum
413 3554 478 3624 τιν’
494 3559 637 3644 ἔγχωρον
652 3564 865 3641 κακογείνονα
888 3563 988 3625 audias
1016 3563 1059 3624 vel
1087 3561 1337 3643 praepositionem
1355 3558 1438 3644 πρός

295 3662 340 3722 vel
367 3661 391 3723 si
417 3661 510 3740 magis
535 3662 648 3740 placeat
667 3662 856 3742 participium
883 3659 974 3740 ἔχων.
1010 3662 1151 3722 Animum
1178 3668 1278 3723 autem
1303 3661 1438 3722 advertas

294 3758 436 3820 orationis
466 3761 685 3838 gradationem:
716 3760 811 3822 ‘solus
839 3769 916 3833 erat,
947 3779 1009 3821 non
1035 3759 1163 3821 habebat
1189 3759 1241 3838 qui
1269 3758 1296 3818 ei
1326 3759 1437 3820 mederi

293 3867 404 3936 posset,
431 3877 469 3918 nc
492 3858 618 3920 incolam
645 3857 767 3939 quidem
794 3859 862 3920 mali
888 3858 1032 3931 vicinum,
1060 3859 1138 3938 apud
1165 3875 1254 3937 quem
1281 3857 1438 3919 lamentari

294 3955 418 4036 posset'.
450 3957 492 4016 Cl.
509 3957 591 4019 chori
606 3957 694 4018 verba
710 3952 771 4020 hui.
786 3955 842 4018 lab.
861 3975 904 4016 vv.
923 3956 1052 4037 169sqq.

395 4119 543 4204 οἰκτείρω
566 4138 621 4183 νον
644 4115 752 4199 ἔγωγ’,
775 4114 868 4192 ὅπως

393 4216 438 4302 μή
460 4241 517 4282 τοο
540 4217 766 4302 κηδομένου
788 4217 915 4301 βροτῶν

393 4314 478 4400 μηδὲ
500 4314 726 4401 ξόνοροφον
747 4311 828 4398 ὄμμ’
851 4307 936 4396 ἔχων

280 4462 285 4474 .
393 4411 564 4490 όόσοανος,
587 4413 708 4497 μόνος
731 4409 796 4490 ἀεί,

393 4523 486 4576 νοσεῖ
506 4516 568 4595 μὲν
590 4512 690 4577 νόσον
713 4505 832 4595 ἀγρίαν
846 4521 902 4575 etc.
