3248 5142
731 397 951 461 ,70-

266 578 340 639 llinc
377 576 504 636 efficitur
540 583 573 636 ut
609 575 720 636 chorus
756 574 853 637 verbis
889 570 953 652 ἐγώ
989 572 1055 635 κτλ.
1094 573 1172 635 dicat
1204 593 1236 636 se
1267 583 1408 654 tanquam

268 683 530 759 spectatorem
563 693 737 736 securum
769 674 846 736 illius
874 691 990 753 pugnae
1010 673 1194 735 atrocitatem
1218 674 1409 735 enarravisse.

267 776 404 854 Deponas
451 773 541 852 igitur
581 765 733 855 θεατής
769 791 825 853 pro
861 769 975 855 μάτηρ.
1036 772 1183 834 Nimirum
1227 773 1414 835 aberraverat

267 873 404 935 librarius
426 873 461 934 ad
484 892 511 932 v.
528 871 590 933 530
612 867 745 954 ματρός.
789 870 943 933 Sententia
966 869 1055 950 igitur
1078 870 1152 932 haec
1175 878 1236 932 est:
1261 878 1325 951 ‘eqo
1344 881 1411 934 toa-

268 991 354 1054 quom
368 980 508 1051 spectator
521 990 639 1033 ιττιιπιι
657 971 724 1032 doec
742 988 861 1041 enarro,
883 971 933 1032 sed
953 973 1041 1050 carpo,
1063 975 1165 1050 quippe
1187 987 1259 1050 quoe
1279 973 1413 1032 victorem

268 1082 338 1134 asset
352 1080 493 1143 amatore,
513 1069 634 1131 sollicito
653 1079 785 1130 metuam
807 1069 970 1131 emanente
989 1070 1188 1150 anspeetoDot'.
1234 1066 1312 1131 llaec
1333 1079 1413 1133 recte

269 1171 415 1250 disputata
448 1187 514 1229 esse
548 1186 583 1228 ex
616 1168 710 1248 ipsius
737 1168 891 1230 Deianirae
920 1169 1017 1231 verbis
1044 1188 1120 1249 quae
1152 1168 1273 1249 respicit
1305 1169 1413 1232 chorus

271 1267 384 1346 colligo,
406 1285 449 1326 vv.
469 1264 508 1324 19
520 1284 584 1346 sqq.

372 1402 390 1469 ό
413 1401 539 1476 κλεινός
561 1397 646 1486 ἦλθε
669 1401 775 1486 Ζηνός
792 1399 972 1487 Ἀλκμήνης
994 1427 1029 1466 τε
1050 1413 1148 1477 παῖς·

372 1500 408 1578 ὅς
431 1503 479 1576 εἷς
501 1498 612 1580 άγιόνα
634 1500 718 1586 τῷδε
741 1503 920 1584 συμπεσών
941 1499 1047 1586 μάχης

297 1605 302 1612 '
372 1599 521 1665 ἐκλύεται
544 1621 594 1684 pe.
623 1599 689 1662 καὶ
712 1598 870 1684 τρόπον
890 1597 963 1684 μὲν
987 1597 1035 1663 ἂν
1057 1597 1196 1664 πόνων

374 1697 444 1764 οὐκ
466 1697 513 1762 ἂν
535 1695 760 1781 daelnoep'·
791 1695 834 1762 od
855 1698 930 1782 reip
954 1685 1046 1775 οἶδ’,
1072 1697 1157 1763 ἀλλ’
1181 1695 1298 1774 ὅστις
1314 1695 1365 1784 ’ἦν

375 1798 513 1862 θακῶν
535 1787 719 1882 άταρβής
741 1797 808 1882 τῆς
830 1799 945 1873 θεάς,
968 1793 1029 1862 ὅδ’
1052 1796 1099 1862 άν
1120 1798 1246 1878 λέγοι.

360 1961 386 2002 v.
409 1939 482 2001 549.
526 1939 634 2000 lllaesta
668 1938 705 1998 de
736 1937 834 1999 mariti
868 1939 941 2000 mala
975 1939 1046 2013 lide,
1080 1939 1131 2021 qui
1160 1940 1239 2002 lolen
1273 1939 1418 2018 captivam

275 2037 505 2120 pulcherrimam
529 2037 651 2098 domum
675 2053 760 2098 suam
776 2035 918 2117 paelicem
935 2037 1068 2110 miserat,
1091 2039 1225 2101 Deianira
1241 2039 1276 2100 ad
1293 2038 1418 2104 chorum

276 2137 424 2218 queritur:
454 2155 486 2196 se
508 2154 575 2196 eum
599 2135 645 2196 illa
668 2135 770 2196 eadem
793 2135 825 2196 in
847 2137 936 2197 domo
960 2136 1091 2198 habitare
1113 2156 1174 2198 nnn
1196 2155 1291 2218 posse,
1322 2136 1420 2197 videre

276 2237 356 2298 enim
380 2254 412 2296 se
434 2236 556 2296 alteram
575 2234 759 2303 iuventutem
776 2243 1024 2314 procrescentem‚
1048 2236 1169 2296 alteram
1186 2241 1419 2296 evanescentem.

275 2329 394 2414 Pergit:
693 2407 706 2434 v

680 2438 725 2479 ων
748 2411 963 2499 ἀφαρπάζειν
985 2415 1079 2501 φιλεῖ

378 2512 559 2598 ὀφθαλμός
581 2510 697 2586 ἄνθος,
720 2514 784 2576 τῶν
806 2511 839 2577 δ’
861 2508 1060 2598 άπεκτρέπει
1085 2511 1187 2579 πόδα.

278 2658 360 2730 Quae
382 2653 469 2716 verba
491 2673 507 2716 a
530 2653 621 2715 schol.
645 2653 734 2716 Laur.
757 2655 799 2716 sic
821 2655 1020 2734 explicantur:
1054 2653 1091 2717 τὸ
1119 2651 1227 2728 ἄνθος
1251 2656 1316 2720 τόν
1342 2658 1424 2719 νέων

278 2752 440 2832 γυναικῶν
465 2749 560 2835 φιλεῖ
584 2745 748 2836 ἁρπάζειν
773 2749 791 2814 ό
818 2747 1000 2836 ὀφθαλμός
1025 2754 1083 2816 τοῦ
1109 2747 1238 2837 ἀνδρός.
1287 2755 1361 2818 Τόν
1387 2751 1424 2816 dd

279 2849 508 2934 increparent,
543 2847 697 2934 δηλονότι
727 2851 792 2915 τόν
821 2847 1061 2935 πρεσβυτέρων.
1116 2854 1298 2916 Pronomina
1335 2854 1425 2932 igitur

282 2945 328 3016 τόν
356 2960 387 3014 et
415 2950 480 3013 τῶν
508 2951 544 3012 ad
579 2951 719 3014 mulieres
752 2951 783 3014 in
813 2953 981 3014 universum
1011 2951 1172 3026 referebat,
1207 2953 1259 3014 sed
1289 2952 1424 3014 Deianira

281 3059 397 3114 tantum
419 3052 457 3112 de
479 3050 557 3112 lolae
579 3050 785 3112 elllorescente
807 3059 901 3112 aetate
923 3060 1013 3132 atque
1035 3069 1087 3113 sua
1104 3059 1307 3114 marcescente
1328 3049 1426 3131 loqui-

280 3161 338 3212 tur.
394 3149 513 3209 Rectius
546 3146 635 3228 igitur
667 3148 741 3208 alter
773 3149 865 3210 schol.
888 3143 986 3211 Lacr.
1020 3149 1250 3228 interpretatur:
1291 3139 1335 3210 ὧν
1365 3145 1426 3209 δύο

281 3245 418 3332 ἡλικιῶν
432 3243 491 3327 τὴν
506 3242 687 3317 νεάζουσαν
703 3241 866 3327 ἁρπάζειν
886 3249 1010 3309 εἴωθεν
1029 3243 1049 3309 ό
1070 3245 1129 3309 τοῦ
1146 3242 1267 3330 ἀνδρὸς
1288 3239 1427 3329 ὀφθαλ-

282 3343 354 3429 μός.
398 3345 461 3418 Qua
489 3343 736 3422 interpretatione
764 3343 886 3424 probata
910 3345 1042 3407 Wunder
1071 3346 1171 3407 vertit:
1207 3355 1348 3426 ‘quarum
1377 3348 1426 3406 ia-

282 3454 431 3507 centutum
456 3442 559 3521 florem
585 3444 732 3522 decerpere
757 3444 826 3504 solet
852 3446 966 3518 ocolus,
999 3462 1034 3505 aa
1060 3462 1127 3506 earo
1153 3464 1225 3524 quoe
1250 3455 1429 3507 marcescunt

283 3541 381 3625 [uqit’.
440 3543 475 3606 dt
507 3561 601 3623 quum
634 3559 801 3622 pronomen
836 3533 882 3604 άν
918 3544 954 3604 de
987 3542 1104 3604 duobus
1139 3543 1282 3605 aetatibus
1316 3543 1429 3604 dictum

285 3639 443 3720 acceperis
466 3639 530 3701 lieri
553 3658 614 3701 non
636 3648 743 3720 potest,
775 3641 845 3719 quin
870 3659 1035 3720 pronomen
1058 3661 1178 3722 quoque
1203 3641 1372 3722 parallelum
1396 3649 1430 3702 ut

284 3743 325 3801 ila
348 3739 442 3800 dicam
465 3737 530 3800 τῶν
552 3739 657 3800 eodem
680 3759 770 3801 sensu
794 3740 935 3818 accipias:
966 3739 997 3800 id
1025 3741 1104 3821 quod
1133 3740 1311 3802 sententiam
1334 3739 1430 3801 reddit

286 3840 426 3918 ineptam.
471 3838 549 3898 Tum
578 3838 703 3900 ollendit
729 3839 811 3900 solus
833 3839 947 3909 oculus,
975 3839 1025 3919 qui
1056 3840 1220 3902 accuratius
1243 3838 1430 3900 definiendus

287 3945 333 3998 est
359 3938 512 4016 genetivo,
545 3945 578 3998 ut
609 3938 769 3999 denotetur
801 3937 885 3999 cuins
920 3937 1023 4001 oculus
1056 3940 1135 4001 hanc
1167 3945 1295 4000 aetatem
1325 3955 1431 4018 rapere

288 4035 389 4096 soleat.
426 4035 545 4097 decedit
559 4037 637 4116 quod
662 4035 783 4097 verbum
805 4029 1024 4119 άπεκτρέπειν
1046 4036 1103 4099 hoc
1124 4054 1185 4097 uno
1207 4036 1273 4098 loco
1294 4037 1430 4117 genetivo

288 4133 488 4212 coniungitur,
517 4151 698 4214 quamquam
728 4133 785 4195 DC.
809 4153 834 4194 v.
853 4133 915 4196 566
944 4145 973 4197 et
1000 4133 1078 4214 apud
1107 4134 1263 4195 Platonem
1286 4153 1314 4214 p.
1334 4134 1431 4196 10813

289 4233 377 4295 huius
415 4232 496 4294 uerbi
535 4248 628 4311 genus
664 4232 796 4293 medium
831 4251 899 4295 eum
937 4233 1101 4295 accusativo
1139 4233 1338 4314 compositum
1376 4239 1432 4307 est,

290 4326 508 4415 ὑπεκτρέπειν
523 4323 616 4393 πόδα
638 4339 738 4393 autem
753 4331 827 4393 nibil
842 4332 920 4394 aliud
937 4332 994 4393 nisi
1010 4331 1144 4392 medinm
1159 4325 1432 4414 όπεκτρέπεσθαι

290 4441 383 4494 sonat
429 4433 465 4493 Et
487 4429 607 4491 Graecis
629 4431 772 4493 sollemne
794 4433 887 4495 luisse
912 4430 999 4492 verba
1022 4431 1154 4509 fugiendi
1177 4451 1245 4494 cnm
1268 4431 1433 4494 accusativo

291 4531 472 4609 coniungere
500 4528 539 4589 ita
571 4536 606 4589 ut
635 4547 668 4590 ea
691 4549 810 4611 quoque
833 4529 932 4603 verba,
960 4547 1036 4609 quae
1066 4547 1134 4592 cum
1162 4528 1433 4610 praepositionibus
