3248 5142
672 431 891 494 „11-

210 617 342 674 moverat
364 616 394 670 et
415 608 587 670 scholiastae
609 606 695 670 Laur.
719 607 863 670 diversam
889 607 1048 670 lectionem
1069 607 1101 667 in
1123 603 1193 689 ἕριν
1214 607 1348 670 mutavit.

210 711 305 783 Quam
333 707 531 770 mutationem
553 707 715 782 Hermann,
744 707 884 780 Wunder,
913 707 1004 768 Woln
1030 706 1128 786 primo
1144 707 1347 770 ¹collaudatam

210 809 316 871 deinde
339 804 590 887 improbaverunt.
635 807 720 880 Quod
748 816 847 870 autem
870 806 907 868 Μ.
924 807 1048 886 Seyffert
1069 807 1106 868 ad
1127 805 1216 868 locos
1229 806 1349 884 relegat,

210 927 285 989 quos
307 908 426 970 Passow
448 908 478 970 in
501 907 555 968 lex.
578 923 619 986 gr.
641 926 667 968 v.
693 907 784 987 ἕρκος
806 905 1003 987 metonymica
1026 905 1238 984 significatione
1260 925 1350 968 usur-

210 1015 293 1090 patos
326 1005 473 1087 congerit,
508 1006 580 1068 nihil
608 1014 660 1068 est
706 1005 820 1080 Quibus
854 1005 925 1085 ipsis
955 1005 1104 1084 congestis
1126 1012 1250 1085 apparet
1272 1006 1348 1087 ἕρκη

209 1106 263 1168 hac
284 1106 311 1168 vi
336 1106 411 1168 dicta
435 1124 503 1169 oum
525 1105 662 1186 genetivo
684 1104 748 1168 eius
777 1105 820 1166 rei
844 1105 926 1166 euius
955 1105 1014 1166 siut
1042 1104 1115 1166 retia
1143 1103 1236 1182 iungi,
1270 1110 1350 1166 certe

208 1206 375 1285 genetivum
399 1205 425 1266 si
453 1205 529 1266 desit
556 1225 572 1265 e
601 1204 656 1268 loci
682 1202 829 1266 sententia
857 1203 942 1266 facile
965 1209 1067 1266 mente
1094 1201 1226 1284 suppleri
1252 1221 1349 1282 posse

210 1306 267 1367 Sed
297 1305 332 1368 ad
364 1305 438 1386 ἕρκη
467 1298 553 1366 κακά
577 1304 649 1366 nihil
680 1311 724 1366 est
747 1303 826 1383 quod
849 1301 1075 1381 subintellegere
1107 1301 1206 1383 possis
1239 1321 1274 1364 ex
1307 1301 1349 1363 eis

209 1423 283 1484 quac
310 1403 493 1484 praecedunt
521 1410 573 1466 aut
594 1409 768 1483 sequuntur.
815 1401 1030 1462 Schneidewini
1054 1419 1122 1464 vero
1144 1399 1350 1480 interpretatio

209 1503 309 1564 minus
333 1509 467 1565 accurata
491 1511 546 1574 est,
568 1502 657 1564 vertit
679 1500 758 1562 enim
775 1499 1096 1580 Unglueclrsschliugen
1119 1518 1173 1581 pro
1189 1499 1351 1578 unglueok-

208 1601 293 1676 liche,
327 1599 416 1662 boese
450 1601 619 1680 Schlingen.
674 1600 712 1664 nt
743 1611 777 1662 ut
808 1599 965 1662 tralatione
1003 1600 1130 1680 quadam
1164 1599 1222 1661 dici
1254 1597 1351 1678 possit

209 1699 530 1780 Ungtuecksschlingen
553 1719 608 1780 pro
632 1697 860 1778 unglueclrliche,
883 1699 973 1762 bocse
987 1698 1157 1782 Schlingen,
1180 1698 1237 1759 hoo
1255 1696 1350 1760 ambi-

209 1818 266 1879 gue
289 1811 406 1862 versum
430 1807 485 1860 est.
529 1798 603 1859 Nam
632 1797 661 1859 in
684 1797 1016 1878 Unglucctsschlingen,
1049 1798 1075 1859 si
1107 1798 1186 1860 idem
1220 1804 1291 1858 sunt
1317 1815 1351 1858 ac

209 1898 371 1976 Schlingen
394 1898 445 1959 des
467 1897 643 1978 Ungluecks,
666 1897 742 1959 nihil
763 1916 835 1960 sane
851 1897 1024 1960 offensionis
1044 1897 1134 1972 inest,
1156 1915 1247 1977 quum
1270 1903 1350 1958 certa

208 1998 247 2060 sit
281 1996 433 2059 nominata
465 2015 514 2058 res
541 1997 586 2058 vel
618 1996 750 2077 potentia
780 1996 864 2060 cuius
892 2007 963 2060 sunt
988 1997 1073 2060 retia.
1117 1997 1155 2060 ht
1183 1995 1238 2058 hac
1262 1993 1290 2056 vi
1318 2013 1351 2056 ac

209 2096 426 2176 significatione
460 2097 535 2178 ἕρκη
565 2092 736 2157 κακάυοι]
764 2104 835 2158 sunt
862 2097 1194 2176 Unglueolrsschlingen,
1226 2095 1350 2174 iureque

210 2194 327 2274 quaeris
349 2194 507 2258 cuiusnam
528 2194 575 2256 vel
598 2191 820 2276 quorumnam?

297 2293 452 2372 lngeniose
478 2294 569 2372 igitur
589 2293 742 2356 Hermann
770 2294 862 2356 eiecto
892 2297 1069 2375 glossemate
1096 2291 1289 2376 εἰσέβαλλον
1313 2294 1349 2355 ad

209 2389 352 2474 ὤτρυνον
373 2394 549 2475 asyncletum
580 2394 714 2474 ineptum
737 2392 862 2456 removit
884 2404 914 2457 et
937 2394 1138 2458 necessarium
1161 2411 1250 2474 quem
1275 2393 1349 2474 ἕρκη

208 2489 294 2554 κακά
318 2493 474 2573 requirunt
500 2494 667 2574 genetivum
691 2483 849 2577 Ἐρινύων
875 2495 1021 2573 restituit,
1051 2494 1112 2556 sive
1139 2493 1184 2556 in
1202 2492 1347 2573 principio

208 2610 311 2654 versus
332 2591 464 2672 positum
488 2612 554 2654 csse
576 2609 689 2668 censes,
711 2592 773 2656 sive
795 2594 875 2673 quod
897 2593 1112 2668 Schneidewin,
1135 2593 1161 2656 si
1183 2591 1349 2672 corruptela

210 2699 289 2756 esset
311 2693 475 2766 statuenda,
498 2711 531 2754 se
551 2693 752 2772 praelaturum
777 2691 849 2755 dixit

310 2840 453 2926 ὤτρυνον
475 2844 522 2918 εἰς
540 2839 733 2926 Ἐρινύων
756 2847 831 2928 ἕρκη
853 2842 949 2906 κακά.

168 2975 171 2986 ’
209 2999 274 3070 Quo
305 2996 426 3057 nomine
453 2998 508 3058 hac
535 2996 598 3076 ipsa
628 2997 656 3056 vi
686 3005 715 3058 et
743 2995 960 3074 significatione
987 3013 1060 3056 usus
1094 3002 1139 3056 cst
1167 3001 1253 3074 poeta
1280 2992 1347 3054 Ant.

209 3113 235 3154 v.
251 3091 331 3164 602,
347 3097 382 3155 cl.
399 3093 504 3156 Trach.
520 3107 547 3155 ιζ
567 3093 657 3166 1050,
679 3094 785 3173 fragm.
802 3093 892 3174 Soph.
909 3112 938 3154 n.
956 3092 1027 3154 508.

294 3211 319 3252 v.
344 3191 411 3252 190.
452 3191 565 3254 Nautes
594 3192 761 3264 Salaminii,
796 3192 845 3272 qui
874 3191 990 3254 Aiacem
1018 3209 1137 3270 aegrum
1171 3191 1351 3254 consolaturi

207 3292 325 3364 adsunt,
353 3291 511 3352 hortantur
532 3309 570 3354 nc
593 3291 624 3352 in
646 3291 776 3354 tentorio
799 3297 1001 3354 commoretur
1023 3291 1123 3365 heros,
1148 3291 1174 3352 si
1195 3290 1349 3353 mendacia

207 3391 243 3454 de
272 3411 307 3452 eo
333 3391 485 3470 proferant
507 3391 626 3454 Atridae
648 3399 699 3454 aut
721 3392 829 3454 Ulixes.
874 3391 929 3453 Uic
954 3398 1053 3454 autern
1081 3409 1116 3452 ex
1138 3409 1222 3453 more
1244 3389 1349 3469 Tragi-

208 3509 320 3565 corum,
351 3491 401 3570 qui
430 3498 532 3571 poetas
554 3491 684 3572 cyclicus
706 3492 801 3554 secuti
822 3491 936 3554 Ulixem
960 3490 1077 3572 Sisyphi
1098 3489 1190 3552 filium
1217 3489 1349 3552 hominis

209 3607 281 3650 suae
311 3590 415 3650 astatis
442 3589 620 3653 fallacissimi
648 3590 872 3670 praedicabant,
904 3589 997 3671 patris
1025 3590 1147 3652 nominc
1180 3589 1349 3670 designatur

211 3686 357 3751 versiculo

307 3822 407 3910 ῆτᾶς
430 3818 559 3889 ἀσώτου
583 3823 768 3912 Οισυφιδᾶν
789 3825 909 3905 γενεᾶς.

206 3987 288 4060 Quae
316 3984 403 4048 verba
431 3984 512 4047 unde
542 3985 700 4065 pendeant·
718 3985 823 4048 incerti
851 3986 1200 4066 superuenitque
1228 3988 1350 4048 luerunt

207 4085 257 4164 qui
279 4085 449 4170 genetivum
471 4082 530 4158 υᾶς
552 4082 665 4162 γενεᾶς
687 4104 723 4146 en
745 4103 776 4149 n.
798 4079 966 4166 βασιλεύς,
990 4085 1069 4166 quod
1092 4104 1203 4148 nornen
1225 4105 1261 4146 ex
1283 4101 1349 4147 ver·

208 4184 253 4246 his
280 4185 414 4265 proxime
443 4185 690 4266 praecedentibus
718 4180 751 4248 οἱ
772 4175 912 4265 μεγάλοι
935 4183 1074 4269 βασιλῆς
1099 4183 1276 4266 supplebant
1298 4191 1349 4244 aut

207 4303 242 4346 ex
271 4285 394 4347 articulo
428 4279 447 4346 o‘
474 4304 510 4346 ex
540 4280 573 4347 oi
600 4285 746 4348 audiendo
771 4285 816 4345 vel
843 4284 931 4348 etiam
960 4305 995 4348 ex
1023 4282 1057 4349 oi
1078 4283 1216 4368 βοσιλῆς
1238 4291 1339 4364 aptum

206 4391 353 4465 putarent.
397 4386 435 4445 ltt
467 4404 501 4445 er
534 4385 667 4448 numeris
699 4384 861 4466 pluralibus
895 4380 927 4447 ci
960 4392 990 4447 ct
1022 4383 1161 4468 βασιλῆς
1197 4400 1340 4448 numerus

207 4483 362 4563 singularis
392 4482 523 4562 intellegi
553 4501 614 4545 non
641 4484 707 4565 quit
728 4503 825 4565 neque
850 4480 883 4548 oi
906 4483 1230 4568 βασιλῆςηοειηυυυι
1252 4485 1343 4548 modo

207 4584 244 4645 de
271 4584 387 4645 duobus
416 4583 526 4645 Atridis
561 4583 631 4645 dicti
660 4592 730 4646 sunt
758 4585 847 4647 iidem
876 4586 912 4646 dc
942 4604 1003 4647 uno
1027 4585 1111 4648 Ulixe
1139 4584 1194 4647 dici
1216 4594 1344 4666 possunt
