3252 5142
758 413 979 478 ..30-

299 606 352 650 cur
373 589 464 668 igitur
485 589 550 670 ipse
573 587 760 670 potissimum
787 607 841 670 pro
870 608 939 670 rege
965 591 1146 671 interempto
1174 609 1211 652 ex
1232 590 1356 672 antiquo
1385 593 1435 656 ‘uto

299 703 409 766 genere
444 687 605 750 oluissimo
642 698 724 760 orto,
759 707 804 750 rr.
831 689 893 751 267
914 708 969 770 sq„
1007 699 1136 770 pugnet,
1177 690 1319 752 continuo
1356 691 1437 753 addit

299 805 343 848 rt.
361 786 538 862 269-272,
564 807 598 849 se
624 787 662 850 iis
684 788 735 869 qui
756 788 829 850 baec
849 785 978 867 (ταῦτα)
1000 806 1063 850 nou
1083 798 1180 868 agant,
1209 809 1225 851 a
1247 790 1292 852 dis
1314 790 1436 871 precari,

299 907 338 950 ne
358 887 459 968 trugas
483 896 560 948 terra
582 887 714 967 proferat
735 888 808 950 ullas
830 905 904 950 neve
926 887 1064 950 muheres
1079 888 1197 967 pariant
1217 888 1363 963 subolem,
1387 889 1439 950 sed

299 989 401 1050 eadem
434 1005 491 1069 qua
522 1004 602 1048 nune
634 986 814 1048 afflictentur
846 987 994 1048 intereant
1023 989 1071 1049 lue
1094 989 1137 1049 rel
1159 988 1246 1049 etiam
1277 987 1438 1050 acerbiore.

299 1088 377 1150 Haeo
396 1105 466 1149 roro
487 1085 524 1148 iis
547 1105 623 1167 quae
650 1087 783 1166 proxime
809 1087 992 1166 praecedunt
1014 1105 1075 1148 nou
1106 1086 1223 1166 adiungi
1253 1105 1357 1167 posse,
1385 1087 1439 1148 sed

299 1187 398 1268 potius
419 1185 456 1247 iis
477 1203 553 1265 quae
574 1203 619 1246 vv.
636 1184 807 1249 222-243
828 1185 906 1248 dicta
937 1187 998 1248 sint
1021 1186 1211 1249 manifestum
1233 1195 1289 1248 est.
1333 1186 1439 1267 Neque

298 1285 436 1366 intellego
469 1301 528 1366 quo
566 1283 654 1346 modo
682 1285 891 1347 exsecrationis
920 1286 1044 1347 extremi
1072 1283 1367 1348 1111111273-275
1401 1285 1439 1346 iis

299 1386 350 1465 qui
379 1401 461 1448 nunc
487 1385 643 1466 praemissi
670 1394 741 1447 sunt
771 1395 840 1465 apte
863 1385 1085 1447 continuentur.
1129 1385 1204 1446 Nam
1226 1404 1254 1446 v.
1267 1382 1330 1446 273
1357 1379 1440 1466 ὑμῖν

298 1481 337 1546 dd
363 1493 435 1557 τοῖς
457 1480 589 1547 ἄλλοισι
616 1481 798 1566 Καδμείοις
827 1499 890 1545 nou
912 1483 1045 1565 opposita
1068 1493 1141 1545 sunt
1165 1492 1236 1557 τοῖς
1262 1482 1369 1546 ταῦτα
1392 1480 1437 1566 μὴ

299 1579 402 1665 δρῶσι
423 1603 451 1644 v.
467 1582 539 1656 269,
562 1601 665 1644 rerum
687 1601 712 1644 r.
730 1581 792 1645 244
815 1580 878 1661 ἐγώ
899 1581 961 1666 μὲν
982 1577 1049 1645 οὖν.

383 1683 484 1763 Neque
512 1699 582 1762 pars
612 1701 714 1745 eorum
743 1683 794 1763 qui
823 1681 897 1744 nihii
919 1681 1098 1746 mutandum
1120 1691 1245 1744 censent
1265 1697 1439 1763 perversum

299 1800 364 1844 esse
393 1783 607 1845 sententiarum
634 1782 768 1843 ordinem
790 1791 887 1861 negat,
915 1781 968 1842 sed
990 1781 1175 1844 contendunt
1196 1801 1296 1862 rogem
1317 1788 1440 1861 propter

299 1900 333 1943 ea
366 1882 446 1962 quod
479 1882 517 1943 de
549 1880 672 1942 civitatis
705 1880 801 1942 salute
830 1880 960 1944 maxime
993 1881 1166 1946 sollicitatus
1200 1883 1239 1944 sit
1269 1879 1439 1962 perturbate

299 1980 389 2060 ioqui.
433 1981 469 2044 tt
491 1979 622 2060 primum
642 1980 811 2044 sollicitudo
825 1999 970 2060 personae
990 1981 1119 2062 magicae
1134 1981 1258 2064 exprimi
1281 1998 1342 2042 nou
1362 1979 1439 2041 soiot

299 2099 316 2142 a
338 2079 434 2159 poetis
456 2079 611 2144 sententiis
633 2079 765 2142 confusis
787 2089 876 2161 atque
898 2080 1086 2160 perturbatis,
1110 2081 1168 2144 nisi
1190 2081 1266 2144 forte
1286 2079 1437 2142 insanien-

297 2187 360 2240 tem
392 2197 457 2242 aaut
490 2178 647 2242 finxerunt
691 2178 805 2240 Deinde
837 2180 915 2258 regis
946 2180 1114 2243 sollicitudo
1148 2180 1241 2242 maior
1273 2189 1319 2242 est
1346 2196 1438 2259 quum

299 2279 431 2359 primum
454 2278 564 2343 audivit
585 2279 622 2340 de
644 2296 732 2343 causa
755 2277 865 2350 morbi,
894 2279 985 2342 etiam
1012 2279 1110 2346 maior
1137 2299 1232 2360 quum
1260 2278 1380 2342 Creonti
1409 2282 1439 2338 et

299 2377 430 2440 Tiresiae
459 2385 629 2452 succenset,
663 2395 763 2458 neque
795 2387 895 2440 tamen
930 2379 996 2442 ullis
1029 2379 1185 2442 sententiis
1217 2376 1396 2458 perturbatis
1423 2395 1439 2438 a

299 2486 386 2557 poeta
407 2476 599 2556 significatur.
644 2476 720 2540 Tum
743 2485 860 2541 tantum
885 2479 968 2543 abest
989 2488 1023 2540 ut
1043 2497 1095 2541 rex
1109 2476 1303 2542 sollicitudine
1318 2476 1440 2538 affectus

299 2575 347 2652 sit,
374 2583 408 2638 ut
428 2575 587 2658 tranqtntle
608 2586 640 2638 et
667 2576 852 2642 considerate
875 2597 950 2658 quae
981 2577 1090 2648 sentiat
1116 2584 1253 2656 exponat.
1298 2575 1340 2638 Gi.
1363 2593 1440 2656 quae
1473 2569 1478 2578 ’

299 2674 384 2736 initio
406 2675 494 2737 huius
517 2675 783 2756 disputatiunculae
809 2677 1019 2740 enarravimus.
1064 2675 1165 2754 ltaque
1187 2674 1380 2746 ticinensum
1402 2672 1438 2733 ad

300 2774 363 2835 crit.
379 2774 469 2836 aesth.
487 2765 560 2835 Oed.
577 2775 644 2854 Reg.
661 2775 814 2854 Brunsvig.
834 2772 924 2848 1858,
945 2774 1116 2836 lacunosum
1136 2771 1238 2834 babuit
1260 2771 1437 2833 orationem.

298 2873 367 2935 Tale
389 2873 461 2954 quid
477 2893 544 2936 vero
567 2883 632 2936 tunt
656 2876 776 2939 demum
799 2873 992 2936 statuendum
1013 2880 1068 2946 est,
1084 2890 1176 2954 quum
1193 2871 1246 2934 alia
1263 2867 1440 2932 emendandi

299 2973 374 3034 ratio
401 2972 464 3034 fieri
493 2973 607 3054 nequit.
653 2974 773 3058 Optimo
805 2972 897 3050 igitur
924 2971 988 3034 iure
1016 2971 1064 3034 alii
1091 2990 1193 3034 versus
1221 2971 1253 3034 in
1279 2969 1438 3052 pristinum

299 3079 328 3133 et
350 3071 401 3154 qui
423 3091 511 3134 sanae
532 3072 736 3154 dispositionis
758 3071 871 3150 legibus
891 3070 1069 3152 respondeat
1084 3071 1218 3133 ordinem
1234 3069 1439 3150 retingendum

271 3177 363 3232 'esse
406 3179 537 3234 censent.
597 3171 730 3246 Quorum
771 3169 959 3232 cautissimus
996 3169 1169 3252 Bernhardy
1204 3169 1234 3230 in
1273 3166 1344 3229 hist.
1383 3167 1439 3228 litt.

299 3257 632 3353 Ι61·1111ο.11,2,ρ.326
660 3269 730 3334 satis
759 3269 864 3332 babuit
891 3269 971 3332 solos
993 3289 1038 3331 vv.
1055 3267 1117 3330 244
1129 3289 1173 3349 sq.
1205 3268 1241 3330 ad
1270 3265 1362 3328 finem
1386 3284 1437 3326 ex-

299 3370 471 3433 secrationis
494 3379 561 3451 post
583 3391 609 3431 r.
630 3369 693 3430 272
715 3369 874 3434 retrabere.
912 3367 965 3429 iiic
986 3367 1077 3448 igitur
1098 3386 1173 3448 quae
1195 3384 1248 3446 ego
1272 3364 1308 3427 de
1322 3364 1440 3427 ratione

299 3470 512 3551 pronominum
534 3467 597 3547 ἐγώ
620 3471 681 3550 μέν
703 3488 729 3527 v.
745 3467 808 3528 244
831 3475 860 3528 et
882 3459 961 3547 ὑμῖν
983 3462 1023 3527 δέ
1043 3485 1069 3526 r.
1085 3465 1148 3528 273
1171 3483 1261 3547 supra
1283 3465 1354 3537 dixi,
1382 3463 1441 3525 iam

299 3569 443 3649 coguovit.
492 3569 583 3630 Maur.
614 3565 747 3628 Schmidt
780 3583 873 3646 quum
907 3565 939 3627 in
975 3565 1072 3627 annal.
1108 3565 1198 3628 schol.
1233 3566 1333 3627 hnstr.
1360 3562 1439 3625 1864

299 3684 328 3750 p.
345 3669 385 3730 10
398 3688 462 3750 sqq.
486 3687 529 3728 vv.
547 3663 608 3726 244
620 3684 663 3746 sq.
681 3673 710 3726 et
725 3662 894 3726 269-272
917 3663 1082 3746 permutari
1104 3664 1199 3741 iussit,
1222 3676 1252 3727 et
1275 3665 1331 3726 iilis
1347 3661 1440 3724 versi-

298 3767 355 3830 bus
376 3768 453 3847 regis
475 3764 708 3828 exsecrationem
731 3765 867 3828 concludi
890 3774 919 3829 et
941 3764 996 3828 hos
1019 3762 1123 3828 versus
1145 3765 1279 3827 versibus
1300 3761 1363 3823 246
1375 3777 1439 3839 sqq.

299 3865 530 3948 praemittendos
558 3882 623 3925 esse
652 3864 809 3944 perspexit.
855 3863 940 3939 Quod
967 3863 1026 3927 iam
1056 3865 1205 3928 vocabulis
1234 3864 1366 3924 interea
1389 3877 1440 3920 ex-

300 3966 474 4046 cipientibus
495 3957 633 4044 εὗχομαι
649 3983 674 4023 r.
692 3961 765 4037 269,
788 3960 988 4046 κατεύχομαι
1003 3983 1030 4025 v.
1047 3964 1119 4034 246,
1142 3953 1327 4042 ἐπεύχομαι
1340 3977 1365 4020 1.
1378 3956 1440 4019 249

300 4066 529 4127 demonstratur.
567 4061 704 4134 Quorum
718 4072 844 4145 uterque
866 4072 976 4125 rectam
994 4060 1171 4124 emendandi
1195 4059 1270 4120 uem
1287 4057 1439 4139 ingressus

300 4170 398 4225 cetera
431 4175 506 4240 quae
541 4159 697 4222 offendunt
723 4162 852 4243 reliquit.
895 4161 928 4222 B.
952 4170 1050 4223 autem
1073 4158 1151 4220 'l'odt
1167 4157 1203 4219 in
1226 4158 1326 4220 annal.
1348 4158 1440 4220 schol.

300 4261 393 4323 berol.
421 4279 452 4322 n.
480 4279 504 4322 s.
532 4256 684 4341 ostorp.
701 4261 759 4322 221
796 4261 1010 4342 comprobante
1038 4259 1071 4321 Α.
1099 4256 1230 4320 Nauobio
1259 4275 1305 4320 vv.
1320 4257 1383 4318 244
1394 4275 1439 4338 sq.

300 4360 379 4422 inter
396 4379 423 4421 v.
439 4357 498 4420 261
522 4368 554 4421 et
575 4377 601 4420 o.
622 4359 685 4421 273
718 4360 905 4422 collocandos
937 4367 1047 4421 censet.
1094 4356 1133 4418 ht
1158 4373 1229 4419 vero
1261 4357 1438 4420 1116111111-

300 4458 448 4540 positione
462 4477 508 4521 rr.
523 4457 692 4521 246-268
715 4459 766 4540 qui
787 4451 936 4521 artissime
957 4457 1037 4519 inter
1057 4473 1091 4518 se
1111 4457 1273 4518 cohaerent
1292 4455 1439 4520 dirimun-

300 4566 358 4632 tur,
381 4576 474 4642 quum
497 4559 528 4621 in
550 4559 587 4621 iis
608 4558 818 4622 contineantur
838 4555 1001 4620 homicidae
1023 4556 1244 4620 exsecratione
1261 4547 1439 4630 ato-2483
