3248 5142
740 427 961 490 ..10-

281 603 467 683 aSophocle,
490 612 589 666 tamen
605 622 640 664 ex
655 603 711 666 boe
733 621 795 666 non
817 602 944 666 efficitur
967 621 1091 666 necesse
1112 623 1185 678 esse,
1210 611 1242 666 ut
1263 604 1421 670 denotetur

280 701 358 764 illius
382 702 600 774 malevolentia,
635 720 691 781 qua
714 701 830 764 Aiacem
864 701 893 764 in
915 703 1045 782 pecudes
1078 703 1243 783 impulerit,
1278 705 1420 784 asyndeto

280 822 344 866 eam
367 801 399 862 in
422 802 588 864 enarrando
609 801 662 864 uti.
707 801 857 864 Severitas
879 802 959 864 enim
981 801 1129 864 Minervae
1158 821 1194 863 ex
1222 809 1284 864 tota
1308 804 1421 884 prologi

280 902 395 964 ratione
416 903 558 982 perlucet.
595 901 630 962 ln
652 901 801 963 narrando
826 919 895 962 vero
917 901 1003 974 facto,
1026 909 1185 981 postquam
1207 901 1341 966 animum
1363 903 1421 966 im-

279 1002 383 1083 plevit,
410 1001 562 1082 pueriliter
583 1020 656 1064 sane
682 1000 801 1063 lusisset
829 1008 859 1061 et
880 999 1032 1062 humiliter
1054 1001 1198 1074 Minerva,
1225 1002 1250 1062 si
1272 1001 1347 1063 Ulixi
1370 1003 1421 1064 tali

280 1101 369 1164 modo
392 1101 524 1162 animum
548 1118 636 1162 suum
659 1099 691 1164 in
707 1099 823 1162 diacem
845 1099 989 1162 infestum
1009 1101 1197 1163 ostendisset.
1234 1101 1310 1163 Tum
1333 1110 1421 1181 poeta

279 1203 515 1282 religiosissimus
543 1203 639 1265 noluit
669 1203 740 1265 deos
770 1203 944 1266 mortalibus
972 1204 1079 1266 studiis
1102 1205 1223 1266 affectos
1244 1204 1277 1267 in
1300 1223 1420 1268 scenam

279 1303 442 1380 producere
464 1301 550 1384 eique
572 1309 689 1364 tautum
712 1301 762 1382 qui
778 1303 904 1364 audiunt
924 1303 969 1364 vel
990 1302 1092 1382 legunt
1106 1303 1169 1365 eius
1184 1303 1297 1366 fabulas
1319 1322 1336 1365 e
1359 1312 1420 1367 tota

279 1419 379 1462 earum
403 1400 615 1481 compositione
637 1401 819 1480 intellegunt,
842 1419 929 1483 quem
946 1401 981 1464 ad
997 1403 1119 1464 modum
1143 1422 1192 1464 eos
1214 1404 1333 1465 allectos
1355 1422 1421 1466 esse

278 1501 413 1564 voluerit.
451 1501 537 1564 Certe
557 1519 715 1583 personam
736 1501 769 1564 in
792 1502 924 1564 dramate
947 1511 1092 1581 agentem,
1116 1501 1201 1564 utin
1223 1503 1280 1564 boc
1294 1502 1419 1577 Ulixem,

279 1601 410 1663 divinum
433 1609 550 1663 tantum
572 1619 785 1681 summumque
807 1619 920 1664 numen
943 1599 1060 1663 novisse
1087 1620 1121 1663 ac
1144 1602 1275 1664 venerari
1298 1601 1343 1664 fas
1366 1610 1418 1664 est.

278 1702 364 1774 Quod
385 1701 450 1762 lieri
472 1719 534 1762 non
556 1709 671 1782 posset,
695 1701 720 1763 si
743 1701 797 1763 dea
821 1721 854 1762 ea
878 1701 1007 1777 ratione,
1031 1721 1089 1782 qua
1110 1720 1159 1763 res
1181 1709 1276 1781 gestas
1299 1721 1420 1764 enarra-

277 1797 382 1872 visset,
410 1800 542 1863 studium
565 1818 653 1862 suum
676 1799 794 1862 mortali
822 1801 1011 1864 ostendisset.
1055 1800 1144 1882 Atqui
1166 1801 1295 1863 Minerva
1318 1819 1419 1864 severa

278 1918 345 1960 cum
372 1899 515 1978 gravitate
542 1897 656 1961 Ulixem
685 1899 771 1961 docet
800 1918 861 1961 non
889 1901 1087 1980 spernendam
1116 1919 1180 1962 esse
1207 1901 1331 1962 deorum
1358 1901 1418 1964 vim

278 2007 307 2059 et
328 1998 507 2078 potentiam;
535 1999 559 2060 si
582 1999 649 2078 quis
672 1999 816 2060 valentior
843 1999 881 2060 sit
903 2009 954 2061 aut
976 1999 1077 2073 ditior,
1108 2008 1209 2062 caveat
1230 2019 1268 2062 ne
1290 1999 1418 2082 superbe

278 2097 389 2160 dictum
411 2098 443 2158 in
466 2117 516 2159 eos
539 2098 619 2171 edat3
645 2097 701 2158 hos
731 2096 812 2159 enim
836 2098 986 2160 modestos
1008 2117 1107 2162 amare
1130 2108 1160 2161 et
1182 2099 1278 2162 odisse
1300 2101 1418 2162 stultos.

279 2197 365 2270 Quod
387 2205 487 2260 autem
509 2195 712 2259 Schneidewin
735 2197 772 2259 ab
795 2217 830 2259 eo
854 2198 906 2279 qui
927 2198 1038 2261 scholia
1065 2198 1222 2284 adscripsit
1248 2199 1279 2261 in
1301 2199 1343 2260 La
1364 2200 1417 2262 ad-

277 2304 390 2358 notatas
413 2296 554 2360 lectiones
576 2297 685 2359 nullius
700 2297 787 2377 pretii
810 2317 875 2360 esse
897 2299 946 2373 ait,
970 2315 1032 2360 non
1047 2299 1183 2360 meminit
1197 2319 1224 2360 1.
1240 2299 1267 2360 d.
1284 2301 1416 2360 locorum

248 2428 251 2434 ‚
277 2395 480 2467 Philetas,
503 2397 545 2458 ΕΙ.
563 2417 589 2458 1.
607 2397 699 2472 1097,
720 2417 748 2457 1.
768 2397 858 2460 1255.
904 2399 1038 2471 Quorum
1061 2399 1140 2477 quod
1169 2397 1275 2458 attinet
1296 2399 1332 2458 ad
1355 2396 1417 2476 pri-

277 2514 369 2568 mum,
391 2496 535 2576 scriptum
557 2496 706 2558 invenitur
726 2497 758 2557 in
773 2497 811 2558 La
832 2513 986 2576 perperam
1010 2487 1062 2557 δύ’
1085 2486 1194 2568 αὕτως
1216 2489 1418 2570 simonicae,

277 2594 356 2655 unde
378 2593 420 2655 Lb
443 2585 549 2668 ebruc
570 2613 638 2658 curn
661 2596 772 2676 duplici
793 2595 912 2674 spiritu,
942 2588 1028 2656 δείν’
1050 2585 1169 2666 ἔλεξας.
1215 2593 1270 2654 Sed
1293 2595 1419 2656 servarit

276 2713 362 2754 verae
395 2693 528 2756 lectionis
561 2694 683 2774 vestigia
717 2695 864 2756 diorthota
898 2692 948 2772 qui
980 2702 1102 2754 vocatur
1129 2711 1146 2753 a
1173 2691 1326 2754 llindorfio
1360 2687 1416 2756 δύ’

276 2786 597 2868 αὕτώ11’ἒξέδειξας,
632 2793 711 2854 unde
732 2793 848 2853 Porson
880 2791 958 2853 eruit
991 2786 1043 2853 δύ’
1077 2783 1120 2852 αὖ
1141 2785 1221 2853 τώδ’
1244 2789 1416 2864 ἐξέδειξας.

276 2892 376 2953 Altero
404 2892 467 2955 loco
490 2894 635 2972 glossema
665 2887 738 2964 διός
764 2890 795 2951 in
823 2897 995 2953 contextum
1023 2891 1155 2972 irrepsit,
1182 2891 1293 2971 expulit
1325 2885 1418 2972 ζηνός

276 2992 355 3070 quod
389 2993 515 3054 servavit
545 2992 693 3055 diorthota
726 2990 872 3052 adnotans
904 3011 954 3072 γρ.
978 2984 1098 3072 ἀρίστα
1125 2983 1271 3072 ταζηνός.
1316 2989 1417 3052 Tertio

275 3083 340 3151 loco
363 3091 502 3153 traditum
535 3099 580 3152 est
606 3085 684 3151 τάδε
707 3087 834 3152 dexesa.
879 3089 1050 3151 lliortbotae
1072 3107 1141 3152 vero
1170 3084 1251 3151 τάδε
1277 3086 1356 3151 δέκα
1385 3089 1417 3149 in

274 3181 354 3251 τάδε
375 3187 455 3268 δίκᾳ
477 3198 622 3252 mutatum
645 3207 750 3250 omnes
771 3198 956 3268 receperunt.
1001 3187 1050 3250 Sic
1070 3186 1216 3249 Meinelxio
1238 3186 1270 3246 in
1292 3187 1417 3266 symbol.

275 3289 339 3351 crit.
363 3289 399 3350 ad
429 3287 607 3364 Antigonam
635 3306 663 3368 p.
688 3287 768 3349 21a
799 3287 947 3348 diorthota
976 3285 1155 3365 adscriptum
1184 3285 1362 3365 θυμαίνων
1390 3283 1417 3344 ei

274 3389 354 3468 quod
377 3385 416 3448 La
440 3385 558 3448 exhibet
579 3383 765 3450 λυσσαίνων
787 3385 964 3465 praeferenti
991 3383 1085 3445 libens
1114 3382 1271 3445 adsentior.
1315 3383 1417 3461 Neque

274 3487 472 3568 spernendam
507 3503 572 3548 esse
605 3486 690 3548 istius
722 3484 881 3547 lectionem
915 3485 1060 3546 diversam
1083 3482 1277 3544 11111676
1310 3479 1417 3554 πέδας

273 3587 351 3648 ulem
375 3583 501 3647 monuit.
999 3607 1001 3614 ·

359 3683 438 3759 Loci,
473 3703 548 3765 quos
576 3703 620 3745 11.
644 3683 692 3745 dd.
715 3683 850 3744 certatim
883 3690 1097 3762 congesserunt
1130 3683 1166 3743 ad
1199 3681 1417 3772 defendendam

274 3786 410 3849 codicum
432 3785 608 3859 lectionem,
639 3801 745 3845 omnes
767 3783 854 3864 longe
877 3783 1067 3846 diversissimi
1097 3783 1223 3862 ideoque
1245 3780 1417 3844 alienissimi

273 3892 382 3949 sunta
404 3885 470 3947 loco
493 3885 544 3966 qui
571 3885 604 3946 in
632 3882 770 3946 manibus
797 3891 858 3958 est,
893 3883 1002 3964 quippe
1036 3884 1115 3962 quod
1144 3890 1194 3944 aut
1220 3882 1300 3942 iussa
1328 3888 1417 3960 atque

272 3985 422 4065 imperata
442 3983 478 4046 lis
500 3984 717 4064 exprimantur,
744 3983 823 4046 velut
843 3982 887 4044 di.
905 4001 929 4044 1.
949 3983 1018 4044 115.
1035 3981 1105 4043 811.
1123 3980 1193 4042 844.
1211 3977 1282 4040 958.
1306 3978 1372 4041 Ant.
1389 3999 1415 4039 1.

275 4082 344 4146 768.
366 4081 565 4146 10371108.
587 4083 692 4146 Trach.
709 4103 735 4145 1.
754 4083 845 4157 1157,
874 4089 925 4144 aut
953 4080 1103 4142 rhetorice
1126 4087 1159 4138 ut
1179 4079 1219 4140 ita
1242 4077 1338 4141 dicam
1360 4079 1415 4141 ali-

274 4183 344 4264 quid
377 4183 576 4256 describatur,
610 4184 690 4246 velut
723 4181 824 4245 desch.
841 4181 923 4244 Pers.
948 4199 974 4240 1.
991 4178 1062 4239 tto.
1080 4176 1150 4238 463.
1183 4177 1265 4258 Sept.
1281 4197 1306 4239 c.
1323 4178 1415 4242 Theb.

274 4303 300 4344 1.
317 4283 368 4344 60.
392 4283 482 4363 Soph.
499 4283 541 4343 ΕΙ.
557 4301 583 4344 1.
600 4283 672 4344 719.
696 4283 765 4344 Eur.
781 4282 823 4343 El.
846 4300 872 4341 1.
894 4277 966 4353 843,
993 4277 1063 4338 huic
1091 4293 1160 4338 vero
1189 4278 1255 4338 loco
1284 4277 1357 4340 nihil
1385 4278 1414 4339 id

274 4399 367 4463 genus
388 4382 469 4456 insit,
492 4382 543 4443 sed
565 4382 690 4462 simplex
712 4381 753 4443 ibi
775 4385 945 4460 compareat
967 4377 1040 4438 deae
1064 4376 1202 4438 narratio.

358 4481 422 4542 Huc
436 4481 558 4557 accedit,
581 4480 660 4560 quod
681 4480 720 4541 ita
737 4480 816 4540 nude
832 4477 926 4559 posita
943 4478 1018 4558 ἕρκη
1039 4473 1125 4536 κακά
1141 4491 1213 4536 sane
1229 4475 1414 4556 habentque

274 4581 432 4644 attendant.
476 4580 537 4643 lam
560 4579 639 4641 enim
662 4577 777 4640 Lobeclx
800 4577 879 4639 vocis
907 4577 981 4658 ἕρκη
1003 4593 1041 4638 an
1064 4593 1134 4637 sana
1155 4574 1194 4636 sit
1215 4573 1413 4654 suspicionem
